
  
  
  
  
  
 
  
  <record xsi:schemaLocation="http://www.loc.gov/MARC21/slim http://www.loc.gov/standards/marcxml/schema/MARC21slim.xsd">
      <leader>00000cam a2200673 i 4500</leader>
      <controlfield tag="FMT">BK</controlfield>
      <controlfield tag="LDR">00000cam a2200673 i 4500</controlfield>
      <controlfield tag="001">004211785</controlfield>
      <controlfield tag="003">OCoLC</controlfield>
      <controlfield tag="005">20151202115042.0</controlfield>
      <controlfield tag="008">151201t20152015be abe   b    110 0 eng c</controlfield>
      <datafield tag="020" ind1=" " ind2=" ">
         <subfield code="a">9782503555454</subfield>
      </datafield>
      <datafield tag="020" ind1=" " ind2=" ">
         <subfield code="a">2503555454</subfield>
      </datafield>
      <datafield tag="035" ind1=" " ind2=" ">
         <subfield code="a">(OCoLC)913509462</subfield>
         <subfield code="z">(OCoLC)914217624</subfield>
      </datafield>
      <datafield tag="040" ind1=" " ind2=" ">
         <subfield code="a">NLGGC</subfield>
         <subfield code="b">eng</subfield>
         <subfield code="e">rda</subfield>
         <subfield code="c">NLGGC</subfield>
         <subfield code="d">OCLCO</subfield>
         <subfield code="d">YDXCP</subfield>
         <subfield code="d">CLU</subfield>
         <subfield code="d">OCLCO</subfield>
         <subfield code="d">BTCTA</subfield>
         <subfield code="d">OHX</subfield>
         <subfield code="d">OCLCF</subfield>
         <subfield code="d">OCLCO</subfield>
         <subfield code="d">OCLCQ</subfield>
         <subfield code="d">OCLCO</subfield>
         <subfield code="d">NNU</subfield>
      </datafield>
      <datafield tag="042" ind1=" " ind2=" ">
         <subfield code="a">pcc</subfield>
      </datafield>
      <datafield tag="043" ind1=" " ind2=" ">
         <subfield code="a">a-tu---</subfield>
      </datafield>
      <datafield tag="050" ind1=" " ind2="4">
         <subfield code="a">DS156.K85</subfield>
         <subfield code="b">K85 2013</subfield>
      </datafield>
      <datafield tag="072" ind1=" " ind2="7">
         <subfield code="a">DS</subfield>
         <subfield code="2">lcco</subfield>
      </datafield>
      <datafield tag="111" ind1="2" ind2=" ">
         <subfield code="a">Kültepe International Meeting</subfield>
         <subfield code="n">(1st :</subfield>
         <subfield code="d">2013 :</subfield>
         <subfield code="c">Kanesh (Extinct city)),</subfield>
         <subfield code="j">creator.</subfield>
      </datafield>
      <datafield tag="245" ind1="1" ind2="0">
         <subfield code="a">Proceedings of the 1st Kültepe International Meeting, Kültepe, 19-23 September 2013 :</subfield>
         <subfield code="b">studies dedicated to Kutlu Emre : KIM 1 = (KIM International Meetings 1) = [title in Akkadian characters] /</subfield>
         <subfield code="c">Fikri Kulakoǧlu &amp; Cécile Michel (editors).</subfield>
      </datafield>
      <datafield tag="246" ind1="3" ind2="0">
         <subfield code="a">Proceedings of the First Kültepe International Meeting</subfield>
      </datafield>
      <datafield tag="264" ind1=" " ind2="1">
         <subfield code="a">Turnhout, Belgium :</subfield>
         <subfield code="b">Brepols,</subfield>
         <subfield code="c">[2015]</subfield>
      </datafield>
      <datafield tag="264" ind1=" " ind2="4">
         <subfield code="c">©2015</subfield>
      </datafield>
      <datafield tag="300" ind1=" " ind2=" ">
         <subfield code="a">xiv, 249 pages :</subfield>
         <subfield code="b">black-and-white illustrations, black-and-white maps, black-and-white plans ;</subfield>
         <subfield code="c">30 cm.</subfield>
      </datafield>
      <datafield tag="336" ind1=" " ind2=" ">
         <subfield code="a">text</subfield>
         <subfield code="b">txt</subfield>
         <subfield code="2">rdacontent</subfield>
      </datafield>
      <datafield tag="337" ind1=" " ind2=" ">
         <subfield code="a">unmediated</subfield>
         <subfield code="b">n</subfield>
         <subfield code="2">rdamedia</subfield>
      </datafield>
      <datafield tag="338" ind1=" " ind2=" ">
         <subfield code="a">volume</subfield>
         <subfield code="b">nc</subfield>
         <subfield code="2">rdacarrier</subfield>
      </datafield>
      <datafield tag="490" ind1="1" ind2=" ">
         <subfield code="a">Subartu ;</subfield>
         <subfield code="v">XXXV.</subfield>
         <subfield code="a">Kültepe international meetings (Series) ;</subfield>
         <subfield code="v">1</subfield>
      </datafield>
      <datafield tag="504" ind1=" " ind2=" ">
         <subfield code="a">Includes bibliographical references.</subfield>
      </datafield>
      <datafield tag="505" ind1="0" ind2="0">
         <subfield code="t">Introduction /</subfield>
         <subfield code="r">Fikri Kulakoğlu, Cécile Michel --</subfield>
         <subfield code="t">Tahsin Özgüç: The Nestor of Anatolian Archaeology /</subfield>
         <subfield code="r">Kutlu Emre.</subfield>
         <subfield code="g">Part 1.</subfield>
         <subfield code="t">Kültepe Bronze Age Archaeology, Chronology and Population.</subfield>
         <subfield code="t">Current Research at Kültepe /</subfield>
         <subfield code="r">Fikri Kulakoğlu --</subfield>
         <subfield code="t">The Relative Chronology of the Old Assyrian Period and its Consequences /</subfield>
         <subfield code="r">Mogens Trolle Larsen --</subfield>
         <subfield code="t">Paternal Estates in Old Assyrian Society /</subfield>
         <subfield code="r">Thomas Klitgaard Hertel.</subfield>
         <subfield code="g">Part 2.</subfield>
         <subfield code="t">Kültepe Archives Belonging to Assyrians.</subfield>
         <subfield code="t">The Archive of Ali-ahum (I): The documents excavated in N-O-P/20 in 1950 /</subfield>
         <subfield code="r">Jan Gerrit Dercksen --</subfield>
         <subfield code="t">The Archive of Šu-Ištar son of Aššur-bāni (Kt 92/k 264-1008) /</subfield>
         <subfield code="r">Hakan Erol --</subfield>
         <subfield code="t">The Archive of Elamma son of Iddin-Suen and his Family /</subfield>
         <subfield code="r">Klaas R. Veenhof --</subfield>
         <subfield code="t">Women in the Family of Ali-ahum son of Iddin-Suen (1993 Kültepe archive) /</subfield>
         <subfield code="r">Cécile Michel --</subfield>
         <subfield code="t">A letter of Ennam-Aššur son of Šalim-ahum Discovered in 2001 at Kültepe /</subfield>
         <subfield code="r">Murat Çayir --</subfield>
         <subfield code="t">The Remaining Unpublished Kültepe Tablets from the Hrozný Excavations in 1925 Housed in Istanbul /</subfield>
         <subfield code="r">Veysel Donbaz.</subfield>
         <subfield code="g">Part 3.</subfield>
         <subfield code="t">Writing. --</subfield>
         <subfield code="t">Old Assyrian Writing and the Secret of the Kültepe Eponym List A /</subfield>
         <subfield code="r">Guido Kryszat --</subfield>
         <subfield code="t">Old Assyrian Literacy: Formulating a Method for Graphic Analysis and Some Initial Results /</subfield>
         <subfield code="r">Edward Stratford.</subfield>
         <subfield code="g">Part 4.</subfield>
         <subfield code="t">Anatolian Settlements and Daily Life.</subfield>
         <subfield code="t">Simulating Past Human Landscapes: Models of Settlement Hierarchy in Central Anatolia during the Old Assyrian Colony Period /</subfield>
         <subfield code="r">Alessio Palmisano, Mark Altaweel --</subfield>
         <subfield code="t">Village Life in Ancient Anatolia: the case of Talwahšušara /</subfield>
         <subfield code="r">Xiaowen Shi --</subfield>
         <subfield code="t">Representations of Religious Practice at Kültepe: Alabaster Idols of Early Bronze Age /</subfield>
         <subfield code="r">Güzel Öztürk.</subfield>
      </datafield>
      <datafield tag="505" ind1="8" ind2="0">
         <subfield code="g">Part 5.</subfield>
         <subfield code="t">Metals and Minerals.</subfield>
         <subfield code="t">Ancient Stone Materials Used For Ore Enrichment In Anatolia /</subfield>
         <subfield code="r">Ergun Kaptan --</subfield>
         <subfield code="t">Cassiterite (Tin) Mineralization Related with Erciyes Volcanic Activities and the Mode of Formation of the Hematite-Cassiterite-Yazganite-Tridymite Paragenesis and its Implication for Bronze Alloys /</subfield>
         <subfield code="r">Evren Yazgan --</subfield>
         <subfield code="t">Continuity of Tin Bronze Consumption during the Late Thrid Millennium BC at Kültepe /</subfield>
         <subfield code="r">Joseph W. Lehner, Evren Yazgan, Ernst Pernicka, Fikri Kulakoğlu --</subfield>
         <subfield code="t">The Archaeometallurgical Study on Metal Artifacts of Kültepe in Assyrian Trade Colony Period /</subfield>
         <subfield code="r">Levent Ercanli.</subfield>
         <subfield code="g">Part 6.</subfield>
         <subfield code="t">Kültepe after the Bronze Age.</subfield>
         <subfield code="t">Kültepe after Kaneš /</subfield>
         <subfield code="r">Gojko Barjamovic --</subfield>
         <subfield code="t">Recent Practices for the Conservation of Adobe Ruins of Kültepe /</subfield>
         <subfield code="r">Mehmet Uğuryol, Drahşan Uğuryol.</subfield>
      </datafield>
      <datafield tag="651" ind1=" " ind2="0">
         <subfield code="a">Kanesh (Extinct city)</subfield>
         <subfield code="v">Congresses.</subfield>
      </datafield>
      <datafield tag="650" ind1=" " ind2="0">
         <subfield code="a">Excavations (Archaeology)</subfield>
         <subfield code="z">Turkey</subfield>
         <subfield code="z">Kanesh (Extinct city)</subfield>
         <subfield code="v">Congresses.</subfield>
      </datafield>
      <datafield tag="650" ind1=" " ind2="0">
         <subfield code="a">Akkadian language</subfield>
         <subfield code="x">Dialects</subfield>
         <subfield code="z">Turkey</subfield>
         <subfield code="z">Cappadocia</subfield>
         <subfield code="v">Congresses.</subfield>
      </datafield>
      <datafield tag="650" ind1=" " ind2="0">
         <subfield code="a">Cuneiform tablets</subfield>
         <subfield code="z">Turkey</subfield>
         <subfield code="z">Kanesh (Extinct city)</subfield>
         <subfield code="v">Congresses.</subfield>
      </datafield>
      <datafield tag="651" ind1=" " ind2="0">
         <subfield code="a">Turkey</subfield>
         <subfield code="x">Antiquities</subfield>
         <subfield code="v">Congresses.</subfield>
      </datafield>
      <datafield tag="650" ind1=" " ind2="7">
         <subfield code="a">Antiquities.</subfield>
         <subfield code="2">fast</subfield>
         <subfield code="0">(OCoLC)fst00810745</subfield>
      </datafield>
      <datafield tag="650" ind1=" " ind2="7">
         <subfield code="a">Cuneiform inscriptions, Akkadian.</subfield>
         <subfield code="2">fast</subfield>
         <subfield code="0">(OCoLC)fst00885196</subfield>
      </datafield>
      <datafield tag="650" ind1=" " ind2="7">
         <subfield code="a">Excavations (Archaeology)</subfield>
         <subfield code="2">fast</subfield>
         <subfield code="0">(OCoLC)fst00917564</subfield>
      </datafield>
      <datafield tag="651" ind1=" " ind2="7">
         <subfield code="a">Turkey.</subfield>
         <subfield code="2">fast</subfield>
         <subfield code="0">(OCoLC)fst01208963</subfield>
      </datafield>
      <datafield tag="651" ind1=" " ind2="7">
         <subfield code="a">Turkey</subfield>
         <subfield code="z">Kanesh (Extinct city)</subfield>
         <subfield code="2">fast</subfield>
         <subfield code="0">(OCoLC)fst01897027</subfield>
      </datafield>
      <datafield tag="655" ind1=" " ind2="7">
         <subfield code="a">Conference papers and proceedings.</subfield>
         <subfield code="2">fast</subfield>
         <subfield code="0">(OCoLC)fst01423772</subfield>
      </datafield>
      <datafield tag="700" ind1="1" ind2=" ">
         <subfield code="a">Emre, Kutlu.,</subfield>
         <subfield code="e">honoree.</subfield>
      </datafield>
      <datafield tag="700" ind1="1" ind2=" ">
         <subfield code="a">Kulakoğlu, Fikri,</subfield>
         <subfield code="e">editor.</subfield>
      </datafield>
      <datafield tag="700" ind1="1" ind2=" ">
         <subfield code="a">Michel, Cécile,</subfield>
         <subfield code="e">editor.</subfield>
      </datafield>
      <datafield tag="700" ind1="1" ind2=" ">
         <subfield code="a">Michel, Cécile.</subfield>
      </datafield>
      <datafield tag="830" ind1=" " ind2="0">
         <subfield code="a">Subartu ;</subfield>
         <subfield code="v">35.</subfield>
      </datafield>
      <datafield tag="830" ind1=" " ind2="0">
         <subfield code="a">Subartu.</subfield>
         <subfield code="p">Kültepe international meetings (Series) ;</subfield>
         <subfield code="v">1.</subfield>
      </datafield>
      <datafield tag="994" ind1=" " ind2=" ">
         <subfield code="a">Z0</subfield>
         <subfield code="b">ZYU</subfield>
      </datafield>
      <datafield tag="OWN" ind1=" " ind2=" ">
         <subfield code="a">GENERAL</subfield>
      </datafield>
      <datafield tag="AVA" ind1=" " ind2=" ">
         <subfield code="a">NYU50</subfield>
         <subfield code="b">NISAW</subfield>
         <subfield code="c">Large Collection</subfield>
         <subfield code="d">DS156.K85 K85 2013</subfield>
         <subfield code="e">available</subfield>
         <subfield code="t">Available</subfield>
         <subfield code="f">1</subfield>
         <subfield code="g">0</subfield>
         <subfield code="h">N</subfield>
         <subfield code="i">0</subfield>
         <subfield code="j">LARGE</subfield>
         <subfield code="k">0</subfield>
      </datafield>
      <marc:datafield tag="852" ind1=" " ind2=" ">
         <marc:subfield code="b">Institute for the Study of the Ancient World, </marc:subfield>
         <marc:subfield code="c">Large Collection</marc:subfield>
         <marc:subfield code="e">15 East 84th St., </marc:subfield>
         <marc:subfield code="e">New York, NY  10028</marc:subfield>
      </marc:datafield>
   </record>