
  
  
  
  
  
 
  
  <record xsi:schemaLocation="http://www.loc.gov/MARC21/slim http://www.loc.gov/standards/marcxml/schema/MARC21slim.xsd">
      <leader>00000cam a2200529 a 4500</leader>
      <controlfield tag="FMT">BK</controlfield>
      <controlfield tag="LDR">00000cam a2200529 a 4500</controlfield>
      <controlfield tag="001">004212353</controlfield>
      <controlfield tag="003">OCoLC</controlfield>
      <controlfield tag="005">20151202134916.0</controlfield>
      <controlfield tag="008">151202s2015    gw abe   b    100 0 eng d</controlfield>
      <datafield tag="020" ind1=" " ind2=" ">
         <subfield code="a">9783447103503</subfield>
      </datafield>
      <datafield tag="020" ind1=" " ind2=" ">
         <subfield code="a">3447103507</subfield>
      </datafield>
      <datafield tag="035" ind1=" " ind2=" ">
         <subfield code="a">(OCoLC)907173339</subfield>
      </datafield>
      <datafield tag="040" ind1=" " ind2=" ">
         <subfield code="a">BTCTA</subfield>
         <subfield code="b">eng</subfield>
         <subfield code="c">BTCTA</subfield>
         <subfield code="d">ERASA</subfield>
         <subfield code="d">OHX</subfield>
         <subfield code="d">JPG</subfield>
         <subfield code="d">HEBIS</subfield>
         <subfield code="d">TKN</subfield>
         <subfield code="d">OCLCF</subfield>
         <subfield code="d">YDXCP</subfield>
         <subfield code="d">NNU</subfield>
      </datafield>
      <datafield tag="041" ind1="0" ind2=" ">
         <subfield code="a">eng</subfield>
         <subfield code="a">ger</subfield>
         <subfield code="a">fre</subfield>
      </datafield>
      <datafield tag="043" ind1=" " ind2=" ">
         <subfield code="a">a-sy---</subfield>
      </datafield>
      <datafield tag="050" ind1=" " ind2="4">
         <subfield code="a">DS94.5</subfield>
         <subfield code="b">.Q22x 2015</subfield>
      </datafield>
      <datafield tag="072" ind1=" " ind2="7">
         <subfield code="a">GN</subfield>
         <subfield code="2">lcco</subfield>
      </datafield>
      <datafield tag="090" ind1=" " ind2=" ">
         <subfield code="a">DS99.M5</subfield>
         <subfield code="b">Q38 2015</subfield>
      </datafield>
      <datafield tag="245" ind1="0" ind2="0">
         <subfield code="a">Qaṭna and the networks of bronze age globalism :</subfield>
         <subfield code="b">proceedings of an international conference in Stuttgart and Tübingen in October 2009 /</subfield>
         <subfield code="c">edited by Peter Pfälzner and Michel Al-Maqdissi.</subfield>
      </datafield>
      <datafield tag="260" ind1=" " ind2=" ">
         <subfield code="a">Wiesbaden :</subfield>
         <subfield code="b">Harrassowitz Verlag,</subfield>
         <subfield code="c">2015.</subfield>
      </datafield>
      <datafield tag="300" ind1=" " ind2=" ">
         <subfield code="a">xi, 584 p. :</subfield>
         <subfield code="b">ill., maps, plans ;</subfield>
         <subfield code="c">31 cm.</subfield>
      </datafield>
      <datafield tag="336" ind1=" " ind2=" ">
         <subfield code="a">text</subfield>
         <subfield code="b">txt</subfield>
         <subfield code="2">rdacontent</subfield>
      </datafield>
      <datafield tag="337" ind1=" " ind2=" ">
         <subfield code="a">unmediated</subfield>
         <subfield code="b">n</subfield>
         <subfield code="2">rdamedia</subfield>
      </datafield>
      <datafield tag="338" ind1=" " ind2=" ">
         <subfield code="a">volume</subfield>
         <subfield code="b">nc</subfield>
         <subfield code="2">rdacarrier</subfield>
      </datafield>
      <datafield tag="490" ind1="1" ind2=" ">
         <subfield code="a">Qaṭna Studien. Supplementa ;</subfield>
         <subfield code="v">Bd. 2</subfield>
      </datafield>
      <datafield tag="505" ind1="0" ind2="0">
         <subfield code="g">Section I.</subfield>
         <subfield code="t">Qatna and the International World of the Bronze Age.</subfield>
         <subfield code="t">Networks, Globalization and Power: Reflections on Past Spatialities /</subfield>
         <subfield code="r">Reinhard Bernbeck --</subfield>
         <subfield code="t">Beyond the Euphrates: Qatna's Distant Relatives /</subfield>
         <subfield code="r">Felix Blocher --</subfield>
         <subfield code="t">Mittanian Hegemony in Western and Central Syria /</subfield>
         <subfield code="r">Stefano de Martino --</subfield>
         <subfield code="t">Qatna and Artistic Internationalism during the Late Bronze Age /</subfield>
         <subfield code="r">Marian H. Feldman --</subfield>
         <subfield code="t">Styles of Interaction in Ancient Syria /</subfield>
         <subfield code="r">Joan Aruz.</subfield>
         <subfield code="g">Section II.</subfield>
         <subfield code="t">Qatna and its Syrian Neighbours: Historical Relations and Cultural Contacts.</subfield>
         <subfield code="t">Qatna and Inter-Regional Trade in the Second Millennium BC /</subfield>
         <subfield code="r">Horst Klengel --</subfield>
         <subfield code="t">Suppiluliuma and the Decline of the Mittanian Kingdom /</subfield>
         <subfield code="r">Gernot Wilhelm --</subfield>
         <subfield code="t">Qaṭna in altsyrischer Zeit /</subfield>
         <subfield code="r">Frans van Koppen --</subfield>
         <subfield code="t">The Spatial Heritage of Alalakh – Any Signs of 'Localism', 'Regionalism' or 'Globalism' Left Behind? /</subfield>
         <subfield code="r">Marlies Heinz --</subfield>
         <subfield code="t">Tell Sakka, fouilles syriennes dans la région de Damas /</subfield>
         <subfield code="r">Ahmad F. Taraqji --</subfield>
         <subfield code="t">Analyse préliminaire d'un atelier de production d'objets en os à Tell Sakka (Bronze Moyen, Syrie du Sud) /</subfield>
         <subfield code="r">Moussab al-Besso --</subfield>
         <subfield code="t">Intertwined History: Lebanon's Role in the Transmission of Egyptian Culture to Inland Syria in the Middle Bronze Age /</subfield>
         <subfield code="r">Hélène Sader --</subfield>
         <subfield code="t">La Qadem levantine des Égyptiens était-elle la Cité-État de Qatna/Tell-Mishrifeh syrienne? /</subfield>
         <subfield code="r">Henri C. Loffet --</subfield>
         <subfield code="t">Ougarit à la lumière des découvertes de Qatna: Remarques sur l'industrie de l'ivoire et autres matières dures d'origine animale /</subfield>
         <subfield code="r">Annie Caubet et François Poplin --</subfield>
         <subfield code="t">Qatna at the Time of Samsi-Addu /</subfield>
         <subfield code="r">Nele Ziegler --</subfield>
         <subfield code="t">The Central Syrian States Mirrored in the Amarna Archives /</subfield>
         <subfield code="r">Joachim Marzahn --</subfield>
         <subfield code="t">The King's Two Bodies: Political Dimensions of the Royal Cult of the Dead at Ugarit, Byblos and Qatna /</subfield>
         <subfield code="r">Herbert Niehr.</subfield>
      </datafield>
      <datafield tag="505" ind1="8" ind2="0">
         <subfield code="g">Section III.</subfield>
         <subfield code="t">Materials from Qatna and International Exchange.</subfield>
         <subfield code="t">The Art of Qatna and the Question of the 'International Style' /</subfield>
         <subfield code="r">Peter Pfälzner --</subfield>
         <subfield code="t">Four Kings in Qatna: Some Old Babylonian Seal Legends from the Italian Excavations at Mishrifeh/Qatna /</subfield>
         <subfield code="r">Jesper Eidem --</subfield>
         <subfield code="t">Les tablettes cunéiformes des premières fouilles de Tell Mishrifeh/Qatna: État de la question /</subfield>
         <subfield code="r">Virginie Muller --</subfield>
         <subfield code="t">Why Gold is not Forever: Giving and Taking of Jewellery in the Royal Tomb of Qatna /</subfield>
         <subfield code="r">Elisa Rossberger --</subfield>
         <subfield code="t">Syrischer und Etruskischer Goldschmuck: Technologischer Transfer in orientalisierender Zeit /</subfield>
         <subfield code="r">Edilberto Formigli --</subfield>
         <subfield code="t">A Touch of Luxury from the Western Fringe of the Ancient World: The Aegean Impact on the Qatna Wall Paintings /</subfield>
         <subfield code="r">Constance von Rüden --</subfield>
         <subfield code="t">The Interregional Exchange in Qatna as Seen from the Pottery of the Royal Palace and Royal Grave /</subfield>
         <subfield code="r">Valeria Paoletti --</subfield>
         <subfield code="t">Imports and Local Imitations: The Production, Exchange and Social Significance of Stone Vessels in the Northern Levant during the Second Millennium BC: A Case Study from the Royal Tomb at Qatna /</subfield>
         <subfield code="r">Alexander Ahrens --</subfield>
         <subfield code="t">Ivory, Bone and Antler in Late Bronze and Iron Age Qatna /</subfield>
         <subfield code="r">Luigi Turri --</subfield>
         <subfield code="t">Premier bilan sur la coroplastie de Mishrifeh et de sa région (âges du Bronze et du Fer) /</subfield>
         <subfield code="r">Eva Ishaq --</subfield>
         <subfield code="t">No Textiles? The Value of the Tiniest Scraps in an Archaeological Context /</subfield>
         <subfield code="r">Nicole Reifarth --</subfield>
         <subfield code="t">The Syrian Wardrobe in the Second Millennium BC: An Iconographical Approach /</subfield>
         <subfield code="r">Giulia Baccelli --</subfield>
         <subfield code="t">The Special Role of the Royal Tomb of Qatna in Regard to the Bronze Weapons in Syria and the Levant during the Second Millennium BC /</subfield>
         <subfield code="r">Ahmad A. al-Rawi.</subfield>
      </datafield>
      <datafield tag="505" ind1="8" ind2="0">
         <subfield code="g">Section IV.</subfield>
         <subfield code="t">Archaeological and Scientific Investigations at Tell Mishrife/Qatna in a Diachronic Perspective.</subfield>
         <subfield code="t">The Lower City Palace at Qatna /</subfield>
         <subfield code="r">Daniele Morandi Bonacossi --</subfield>
         <subfield code="t">A Scarab of Amenhotep III in Qatna's Lower City Palace /</subfield>
         <subfield code="r">Vanessa Boschloos --</subfield>
         <subfield code="t">Notes d'archéologie levantine: XXXVIII: Travaux archéologiques syriens à Mishrifeh-Qatna au nord-est de Homs (Émèse): Campagnes 2008–2011 /</subfield>
         <subfield code="r">Michel Al-Maqdissi --</subfield>
         <subfield code="t">Mishrifeh au troisième millénaire av. J.-C. Bilan provisoire des travaux du Chantier (R) "cour du trône" /</subfield>
         <subfield code="r">Georges Mouamar --</subfield>
         <subfield code="t">Le quartier d'habitation dans le chantier de la Coupole de Loth à Qatna /</subfield>
         <subfield code="r">Shadi Shabo --</subfield>
         <subfield code="t">An Example of Late Bronze Age II Residential Architecture in Area T1 at Mishrife /</subfield>
         <subfield code="r">Monica da Ros --</subfield>
         <subfield code="t">The Reconstruction of Ceilings and Roofs in Ancient Near Eastern Monumental Architecture /</subfield>
         <subfield code="r">Jochen Schmid --</subfield>
         <subfield code="t">The Well-Room of the Royal Palace of Qatna and its Analogy to Hazor and Megiddo /</subfield>
         <subfield code="r">Conrad Schmidt --</subfield>
         <subfield code="t">Rapport préliminaire des résultats des campagnes de fouilles syriennes 2006–2009: Le "Palais Est" du Chantier T sur l'acropole de Mishrifeh-Qatna /</subfield>
         <subfield code="r">Yasmin Kanhoush --</subfield>
         <subfield code="t">The Eastern Palace of Qatna and the Middle Bronze Age Architectural Tradition of Western Syria /</subfield>
         <subfield code="r">Marco Iamoni --</subfield>
         <subfield code="t">Le quartier artisanal nord-est de l'âge du Fer II à Mishrifeh (Chantier O) /</subfield>
         <subfield code="r">Massoud Badawi --</subfield>
         <subfield code="t">Plant Production at Qatna in the Environmental and Supra-Regional Economic Context /</subfield>
         <subfield code="r">Simone Riehl --</subfield>
         <subfield code="t">The 'Syrian Elephant' Revisited: Preliminary Analysis of the Elephant Bones at Mishrife/Qatna in Late Bronze Age Syria /</subfield>
         <subfield code="r">Emmanuelle Vila --</subfield>
         <subfield code="t">Deficiency or Overabundance: Insights Gained from the Investigation of Human Bones and Teeth from the Royal Hypogeum of Qatna /</subfield>
         <subfield code="r">Carsten Witzel --</subfield>
         <subfield code="t">The Human Skeletal Remains from Ancient Qatna (Operations H and T): Bioarchaeological Synthesis and Review /</subfield>
         <subfield code="r">Alessandro Canci.</subfield>
      </datafield>
      <datafield tag="505" ind1="8" ind2="0">
         <subfield code="g">Section V.</subfield>
         <subfield code="t">Qatna's Role in the Networks of Exchange: Proceedings of Four Discussion Panels /</subfield>
         <subfield code="r">Edited by Benjamin Glissmann.</subfield>
         <subfield code="g">Introduction /</subfield>
         <subfield code="r">Benjamin Glissmann --</subfield>
         <subfield code="g">Synthesis Discussion Group I:</subfield>
         <subfield code="t">The Exchange of Styles, Objects and Information: International Style Artefacts --</subfield>
         <subfield code="g">Synthesis Discussion Group II:</subfield>
         <subfield code="t">The Exchange of Styles, Objects and Information: International Wall Paintings --</subfield>
         <subfield code="g">Synthesis discussion group III:</subfield>
         <subfield code="t">The Historical Reconstructions of the Hittite Expansion --</subfield>
         <subfield code="g">Synthesis Discussion Group IV:</subfield>
         <subfield code="t">Pottery and Comparative Chronology of the Middle to Late Bronze Age.</subfield>
      </datafield>
      <datafield tag="546" ind1=" " ind2=" ">
         <subfield code="a">Texts in English, German and French.</subfield>
      </datafield>
      <datafield tag="504" ind1=" " ind2=" ">
         <subfield code="a">Includes bibliographical references.</subfield>
      </datafield>
      <datafield tag="651" ind1=" " ind2="0">
         <subfield code="a">Al Mashrafah (Syria)</subfield>
         <subfield code="x">Antiquities</subfield>
         <subfield code="v">Congresses.</subfield>
      </datafield>
      <datafield tag="650" ind1=" " ind2="0">
         <subfield code="a">Bronze age</subfield>
         <subfield code="z">Syria</subfield>
         <subfield code="z">Al Mashrafah</subfield>
         <subfield code="v">Congresses.</subfield>
      </datafield>
      <datafield tag="650" ind1=" " ind2="0">
         <subfield code="a">Excavations (Archaeology)</subfield>
         <subfield code="z">Syria</subfield>
         <subfield code="z">Al Mashrafah</subfield>
         <subfield code="v">Congresses.</subfield>
      </datafield>
      <datafield tag="650" ind1=" " ind2="0">
         <subfield code="a">Excavations (Archaeology)</subfield>
         <subfield code="z">Syria</subfield>
         <subfield code="z">Qatna Site</subfield>
         <subfield code="v">Congresses.</subfield>
      </datafield>
      <datafield tag="651" ind1=" " ind2="0">
         <subfield code="a">Qatna Site (Syria)</subfield>
         <subfield code="x">Antiquities</subfield>
         <subfield code="v">Congresses.</subfield>
      </datafield>
      <datafield tag="651" ind1=" " ind2="0">
         <subfield code="a">Syria</subfield>
         <subfield code="x">Foreign relations</subfield>
         <subfield code="v">Congresses.</subfield>
      </datafield>
      <datafield tag="651" ind1=" " ind2="0">
         <subfield code="a">Syria</subfield>
         <subfield code="x">History</subfield>
         <subfield code="y">To 333 B.C.</subfield>
         <subfield code="v">Congresses.</subfield>
      </datafield>
      <datafield tag="651" ind1=" " ind2="7">
         <subfield code="0">(DE-588)4998681-8</subfield>
         <subfield code="0">(DE-603)134721136</subfield>
         <subfield code="a">Qatna.</subfield>
         <subfield code="2">gnd</subfield>
      </datafield>
      <datafield tag="650" ind1=" " ind2="7">
         <subfield code="a">Antiquities.</subfield>
         <subfield code="2">fast</subfield>
         <subfield code="0">(OCoLC)fst00810745</subfield>
      </datafield>
      <datafield tag="650" ind1=" " ind2="7">
         <subfield code="a">Bronze age.</subfield>
         <subfield code="2">fast</subfield>
         <subfield code="0">(OCoLC)fst00839439</subfield>
      </datafield>
      <datafield tag="651" ind1=" " ind2="7">
         <subfield code="a">Syria</subfield>
         <subfield code="z">Al Mashrafah.</subfield>
         <subfield code="2">fast</subfield>
         <subfield code="0">(OCoLC)fst01865504</subfield>
      </datafield>
      <datafield tag="655" ind1=" " ind2="7">
         <subfield code="a">Conference papers and proceedings.</subfield>
         <subfield code="2">fast</subfield>
         <subfield code="0">(OCoLC)fst01423772</subfield>
      </datafield>
      <datafield tag="700" ind1="1" ind2=" ">
         <subfield code="a">Pfälzner, Peter.</subfield>
      </datafield>
      <datafield tag="700" ind1="1" ind2=" ">
         <subfield code="a">Maqdissi, Michel.</subfield>
      </datafield>
      <datafield tag="830" ind1=" " ind2="0">
         <subfield code="a">Qaṭna Studien.</subfield>
         <subfield code="p">Supplementa ;</subfield>
         <subfield code="v">Bd. 2.</subfield>
      </datafield>
      <datafield tag="994" ind1=" " ind2=" ">
         <subfield code="a">Z0</subfield>
         <subfield code="b">ZYU</subfield>
      </datafield>
      <datafield tag="OWN" ind1=" " ind2=" ">
         <subfield code="a">GENERAL</subfield>
      </datafield>
      <datafield tag="AVA" ind1=" " ind2=" ">
         <subfield code="a">NYU50</subfield>
         <subfield code="b">NISAW</subfield>
         <subfield code="c">Large Collection</subfield>
         <subfield code="d">DS99.M5 Q38 2015</subfield>
         <subfield code="e">available</subfield>
         <subfield code="t">Available</subfield>
         <subfield code="f">1</subfield>
         <subfield code="g">0</subfield>
         <subfield code="h">N</subfield>
         <subfield code="i">0</subfield>
         <subfield code="j">LARGE</subfield>
         <subfield code="k">0</subfield>
      </datafield>
      <marc:datafield tag="852" ind1=" " ind2=" ">
         <marc:subfield code="b">Institute for the Study of the Ancient World, </marc:subfield>
         <marc:subfield code="c">Large Collection</marc:subfield>
         <marc:subfield code="e">15 East 84th St., </marc:subfield>
         <marc:subfield code="e">New York, NY  10028</marc:subfield>
      </marc:datafield>
   </record>