
  
  
  
  
  
 
  
  <record xsi:schemaLocation="http://www.loc.gov/MARC21/slim http://www.loc.gov/standards/marcxml/schema/MARC21slim.xsd">
      <leader>00000cam a2200325 a 4500</leader>
      <controlfield tag="FMT">BK</controlfield>
      <controlfield tag="LDR">00000cam a2200325 a 4500</controlfield>
      <controlfield tag="001">004212458</controlfield>
      <controlfield tag="003">OCoLC</controlfield>
      <controlfield tag="005">20151203135013.0</controlfield>
      <controlfield tag="008">151203s1992    gr a     b    100 0 fre d</controlfield>
      <datafield tag="035" ind1=" " ind2=" ">
         <subfield code="a">(OCoLC)31323886</subfield>
      </datafield>
      <datafield tag="040" ind1=" " ind2=" ">
         <subfield code="a">GZM</subfield>
         <subfield code="b">eng</subfield>
         <subfield code="c">GZM</subfield>
         <subfield code="d">OCL</subfield>
         <subfield code="d">OCLCQ</subfield>
         <subfield code="d">OCLCF</subfield>
         <subfield code="d">OCLCO</subfield>
         <subfield code="d">OCLCQ</subfield>
         <subfield code="d">OCL</subfield>
         <subfield code="d">NNU</subfield>
      </datafield>
      <datafield tag="041" ind1="0" ind2=" ">
         <subfield code="a">fre</subfield>
         <subfield code="a">eng</subfield>
      </datafield>
      <datafield tag="043" ind1=" " ind2=" ">
         <subfield code="a">e-gr---</subfield>
      </datafield>
      <datafield tag="050" ind1=" " ind2="4">
         <subfield code="a">BL700</subfield>
         <subfield code="b">.K47 v.5</subfield>
      </datafield>
      <datafield tag="090" ind1=" " ind2=" ">
         <subfield code="a">BL785</subfield>
         <subfield code="b">.C65 1991</subfield>
      </datafield>
      <datafield tag="111" ind1="2" ind2=" ">
         <subfield code="a">Colloque international du C.E.R.G.A</subfield>
         <subfield code="n">(3rd :</subfield>
         <subfield code="d">1991 :</subfield>
         <subfield code="c">Tripolis, Greece)</subfield>
      </datafield>
      <datafield tag="245" ind1="1" ind2="0">
         <subfield code="a">Actes du IIIe Colloque international du C.E.R.G.A. sur "L'élement orgiastique dans la religion grecque ancienne", tenu à Tripolis du 17 au 19 mai 1991.</subfield>
      </datafield>
      <datafield tag="246" ind1="3" ind2=" ">
         <subfield code="a">Élement orgiastique dans la religion grecque ancienne</subfield>
      </datafield>
      <datafield tag="260" ind1=" " ind2=" ">
         <subfield code="a">Athēna :</subfield>
         <subfield code="b">Centre d'étude de la religion grecque antique,</subfield>
         <subfield code="c">[1992]</subfield>
      </datafield>
      <datafield tag="300" ind1=" " ind2=" ">
         <subfield code="a">377 pages :</subfield>
         <subfield code="b">illustrations ;</subfield>
         <subfield code="c">24 cm.</subfield>
      </datafield>
      <datafield tag="336" ind1=" " ind2=" ">
         <subfield code="a">text</subfield>
         <subfield code="b">txt</subfield>
         <subfield code="2">rdacontent</subfield>
      </datafield>
      <datafield tag="337" ind1=" " ind2=" ">
         <subfield code="a">unmediated</subfield>
         <subfield code="b">n</subfield>
         <subfield code="2">rdamedia</subfield>
      </datafield>
      <datafield tag="338" ind1=" " ind2=" ">
         <subfield code="a">volume</subfield>
         <subfield code="b">nc</subfield>
         <subfield code="2">rdacarrier</subfield>
      </datafield>
      <datafield tag="490" ind1="1" ind2=" ">
         <subfield code="a">Kernos ;</subfield>
         <subfield code="v">5</subfield>
      </datafield>
      <datafield tag="500" ind1=" " ind2=" ">
         <subfield code="a">ISAW copy is from the Library of Hayim and Miriam Tadmor.</subfield>
         <subfield code="5">NNU</subfield>
      </datafield>
      <datafield tag="504" ind1=" " ind2=" ">
         <subfield code="a">Includes bibliographical references.</subfield>
      </datafield>
      <datafield tag="505" ind1="0" ind2="0">
         <subfield code="t">Éditorial /</subfield>
         <subfield code="r">par A. Motte --</subfield>
         <subfield code="t">Hommage à Charles Delvoye /</subfield>
         <subfield code="r">par G. Donnay.</subfield>
         <subfield code="t">Actes du IIIe Colloque international du C.E.R.G.A. sur "L'élement orgiastique dans la religion grecque ancienne", tenu à Tripolis du 17 au 19 mai 1991.</subfield>
         <subfield code="t">Phantasmatique érotique dans l'orgiasme dionysiaque /</subfield>
         <subfield code="r">C. Bérard --</subfield>
         <subfield code="t">Orgia aporrēta : Quelques remarques sur les rites des Plyntéries /</subfield>
         <subfield code="r">M. Christopoulos --</subfield>
         <subfield code="t">Divine Madness and Conflict at Delphi /</subfield>
         <subfield code="r">B.C. Dietrich --</subfield>
         <subfield code="t">Langage orgiastique et glossolalie /</subfield>
         <subfield code="r">M. Garcia Teijeiro --</subfield>
         <subfield code="t">Dionysos chez Eschyle /</subfield>
         <subfield code="r">F. Jouan --</subfield>
         <subfield code="t">L'élément orgiastique dans la religion arcadienne /</subfield>
         <subfield code="r">É. Loucas-Durie --</subfield>
         <subfield code="t">Artemis de Lousoi : les fouilles autrichiennes /</subfield>
         <subfield code="r">V. Mitsopoulos-Leon --</subfield>
         <subfield code="t">Sur les Bacchantes de Théocrite /</subfield>
         <subfield code="r">M.T. Molinos Tejada --</subfield>
         <subfield code="t">Le mot et les rites : Aperçu des significations de orgia et de quelques dérivés /</subfield>
         <subfield code="r">A. Motte, V. Pirenne-Delforge --</subfield>
         <subfield code="t">Prévenir ou guérir? Musique et états orgiastiques chez Platon /</subfield>
         <subfield code="r">E. Moutsopoulos --</subfield>
         <subfield code="t">Orgiastic Elements in Iberian Iconography? /</subfield>
         <subfield code="r">R. Olmos --</subfield>
         <subfield code="t">Le signe d'extase et la musique /</subfield>
         <subfield code="r">P. Somville --</subfield>
         <subfield code="t">Expérience orgiastique et composition poétique : le Dithyrambe II de Pindare (fr. 70 B Snell-Maehler) /</subfield>
         <subfield code="r">E. Suárez de la Torre --</subfield>
         <subfield code="t">Le vin, la mort et les Bienheureux (à propos des lamelles orphiques) /</subfield>
         <subfield code="r">M. de H. Velasco Lopez.</subfield>
         <subfield code="t">Varia.</subfield>
         <subfield code="t">Épiménide sans paradoxe /</subfield>
         <subfield code="r">Chr. Leclerc --</subfield>
         <subfield code="t">Un dépôt de temple et le sanctuaire d'Artémis Amarysia en Eubée /</subfield>
         <subfield code="r">E. Sapouna-Sakellaraki.</subfield>
         <subfield code="t">Chronique des activités scientifiques.</subfield>
         <subfield code="t">Epigraphic bulletin /</subfield>
         <subfield code="r">par A. Chaniotis --</subfield>
         <subfield code="t">Chronique des fouilles /</subfield>
         <subfield code="r">par I. Loucas et É. Loucas-Durie --</subfield>
         <subfield code="t">Chronique des rencontres scientifiques et des expositions /</subfield>
         <subfield code="r">par A. Motte et É. Loucas-Durie --</subfield>
         <subfield code="t">Revue des livres --</subfield>
         <subfield code="t">Revue des revues /</subfield>
         <subfield code="r">par V. Pirenne-Delforge [and 3 others].</subfield>
      </datafield>
      <datafield tag="546" ind1=" " ind2=" ">
         <subfield code="a">Contributions in French or English.</subfield>
      </datafield>
      <datafield tag="651" ind1=" " ind2="0">
         <subfield code="a">Greece</subfield>
         <subfield code="x">Religion</subfield>
         <subfield code="v">Congresses.</subfield>
      </datafield>
      <datafield tag="650" ind1=" " ind2="0">
         <subfield code="a">Dionysia</subfield>
         <subfield code="v">Congresses.</subfield>
      </datafield>
      <datafield tag="650" ind1=" " ind2="0">
         <subfield code="a">Dionysus</subfield>
         <subfield code="c">(Greek deity)</subfield>
         <subfield code="x">Cult</subfield>
         <subfield code="v">Congresses.</subfield>
      </datafield>
      <datafield tag="650" ind1=" " ind2="7">
         <subfield code="a">Religion.</subfield>
         <subfield code="2">fast</subfield>
         <subfield code="0">(OCoLC)fst01093763</subfield>
      </datafield>
      <datafield tag="651" ind1=" " ind2="7">
         <subfield code="a">Greece.</subfield>
         <subfield code="2">fast</subfield>
         <subfield code="0">(OCoLC)fst01208380</subfield>
      </datafield>
      <datafield tag="655" ind1=" " ind2="7">
         <subfield code="a">Conference papers and proceedings.</subfield>
         <subfield code="2">fast</subfield>
         <subfield code="0">(OCoLC)fst01423772</subfield>
      </datafield>
      <datafield tag="796" ind1="1" ind2=" ">
         <subfield code="a">Tadmor, Hayim,</subfield>
         <subfield code="e">former owner.</subfield>
      </datafield>
      <datafield tag="796" ind1="1" ind2=" ">
         <subfield code="a">Tadmor, Miriam,</subfield>
         <subfield code="e">former owner.</subfield>
      </datafield>
      <datafield tag="797" ind1="2" ind2=" ">
         <subfield code="a">Tadmor Collection.</subfield>
      </datafield>
      <datafield tag="710" ind1="2" ind2=" ">
         <subfield code="a">Kentro Meletēs tēs Archaias Hellēnikēs Thrēskeias.</subfield>
      </datafield>
      <datafield tag="830" ind1=" " ind2="0">
         <subfield code="a">Kernos ;</subfield>
         <subfield code="v">5.</subfield>
      </datafield>
      <datafield tag="994" ind1=" " ind2=" ">
         <subfield code="a">Z0</subfield>
         <subfield code="b">ZYU</subfield>
      </datafield>
      <datafield tag="OWN" ind1=" " ind2=" ">
         <subfield code="a">GENERAL</subfield>
      </datafield>
      <datafield tag="AVA" ind1=" " ind2=" ">
         <subfield code="a">NYU50</subfield>
         <subfield code="b">NISAW</subfield>
         <subfield code="c">Small Collection</subfield>
         <subfield code="d">BL785 .C65 1991</subfield>
         <subfield code="e">available</subfield>
         <subfield code="t">Available</subfield>
         <subfield code="f">1</subfield>
         <subfield code="g">0</subfield>
         <subfield code="h">N</subfield>
         <subfield code="i">0</subfield>
         <subfield code="j">SMALL</subfield>
         <subfield code="k">0</subfield>
      </datafield>
      <marc:datafield tag="852" ind1=" " ind2=" ">
         <marc:subfield code="b">Institute for the Study of the Ancient World, </marc:subfield>
         <marc:subfield code="c">Small Collection</marc:subfield>
         <marc:subfield code="e">15 East 84th St., </marc:subfield>
         <marc:subfield code="e">New York, NY  10028</marc:subfield>
      </marc:datafield>
   </record>