
  
  
  
  
  
  
 
  
  <record xsi:schemaLocation="http://www.loc.gov/MARC21/slim http://www.loc.gov/standards/marcxml/schema/MARC21slim.xsd">
      <leader>00000cam a2200673 i 4500</leader>
      <controlfield tag="FMT">BK</controlfield>
      <controlfield tag="LDR">00000cam a2200673 i 4500</controlfield>
      <controlfield tag="001">004213373</controlfield>
      <controlfield tag="003">OCoLC</controlfield>
      <controlfield tag="005">20151207160832.0</controlfield>
      <controlfield tag="008">151207s2010    cc a          000 0 chi d</controlfield>
      <datafield tag="010" ind1=" " ind2=" ">
         <subfield code="a">2011423192</subfield>
      </datafield>
      <datafield tag="020" ind1=" " ind2=" ">
         <subfield code="a">9787300127965</subfield>
      </datafield>
      <datafield tag="020" ind1=" " ind2=" ">
         <subfield code="a">7300127967</subfield>
      </datafield>
      <datafield tag="035" ind1=" " ind2=" ">
         <subfield code="a">(OCoLC)698167366</subfield>
      </datafield>
      <datafield tag="040" ind1=" " ind2=" ">
         <subfield code="a">CNPIT</subfield>
         <subfield code="b">eng</subfield>
         <subfield code="c">CNPIT</subfield>
         <subfield code="d">DLC</subfield>
         <subfield code="d">LGG</subfield>
         <subfield code="d">OCLCF</subfield>
         <subfield code="d">IUL</subfield>
         <subfield code="d">NNU</subfield>
      </datafield>
      <datafield tag="041" ind1="0" ind2=" ">
         <subfield code="a">chi</subfield>
         <subfield code="f">eng</subfield>
      </datafield>
      <datafield tag="042" ind1=" " ind2=" ">
         <subfield code="a">lccopycat</subfield>
      </datafield>
      <datafield tag="043" ind1=" " ind2=" ">
         <subfield code="a">a-cc-su</subfield>
         <subfield code="a">a-cc---</subfield>
      </datafield>
      <datafield tag="050" ind1="0" ind2="0">
         <subfield code="a">DS715</subfield>
         <subfield code="b">.X556 2010</subfield>
      </datafield>
      <datafield tag="066" ind1=" " ind2=" ">
         <subfield code="c">$1</subfield>
      </datafield>
      <datafield tag="090" ind1=" " ind2=" ">
         <subfield code="a">DS797.84.T859</subfield>
         <subfield code="b">X56 2010</subfield>
      </datafield>
      <datafield tag="245" ind1="0" ind2="0">
         <subfield code="6">880-01</subfield>
         <subfield code="a">Xin huo Tulufan chu tu wen xian yan jiu lun ji /</subfield>
         <subfield code="c">Rong Xinjiang, Li Xiao, Meng Xianshi zhu bian.</subfield>
      </datafield>
      <datafield tag="246" ind1="1" ind2="5">
         <subfield code="a">Papers of studies on the newly discovered Turfan documents</subfield>
      </datafield>
      <datafield tag="250" ind1=" " ind2=" ">
         <subfield code="6">880-02</subfield>
         <subfield code="a">Di 1 ban.</subfield>
      </datafield>
      <datafield tag="264" ind1=" " ind2="1">
         <subfield code="6">880-03</subfield>
         <subfield code="a">Beijing :</subfield>
         <subfield code="b">Zhongguo ren min da xue chu ban she,</subfield>
         <subfield code="c">2010.</subfield>
      </datafield>
      <datafield tag="300" ind1=" " ind2=" ">
         <subfield code="a">529 pages :</subfield>
         <subfield code="b">illustrations, maps ;</subfield>
         <subfield code="c">23 cm.</subfield>
      </datafield>
      <datafield tag="336" ind1=" " ind2=" ">
         <subfield code="a">text</subfield>
         <subfield code="2">rdacontent</subfield>
      </datafield>
      <datafield tag="337" ind1=" " ind2=" ">
         <subfield code="a">unmediated</subfield>
         <subfield code="2">rdamedia</subfield>
      </datafield>
      <datafield tag="338" ind1=" " ind2=" ">
         <subfield code="a">volume</subfield>
         <subfield code="2">rdacarrier</subfield>
      </datafield>
      <datafield tag="490" ind1="1" ind2=" ">
         <subfield code="6">880-04</subfield>
         <subfield code="a">Xiyu li shi yu yan yan jiu cong shu</subfield>
      </datafield>
      <datafield tag="504" ind1=" " ind2=" ">
         <subfield code="a">Includes bibliographical references.</subfield>
      </datafield>
      <datafield tag="505" ind1="1" ind2="0">
         <subfield code="g">Contents (English):</subfield>
         <subfield code="g">Introduction.</subfield>
         <subfield code="t">A survey of the newly-discovered Turfan documents /</subfield>
         <subfield code="r">Rong Xinjiang, Li Xiao and Meng Xianshi.</subfield>
         <subfield code="g">[Part 1.]</subfield>
         <subfield code="t">Documents of the Gaochang commandery.</subfield>
         <subfield code="t">Studies in the household register of Gaochang prefecture in A.D. 384 newly-discovered in Turfan /</subfield>
         <subfield code="r">Rong Xinjiang --</subfield>
         <subfield code="t">The newly-discovered Mingsong documents from Turfan and the idea of ghostdom in the early mediaeval times /</subfield>
         <subfield code="r">You Ziyong --</subfield>
         <subfield code="t">A preliminary study on newly-discovered the Northern Liang documents in Turfan /</subfield>
         <subfield code="r">Meng Xianshi --</subfield>
         <subfield code="t">A study on newly-excavated tax documents of the Northern Liang from Turfan /</subfield>
         <subfield code="r">Pei Chengguo.</subfield>
         <subfield code="g">[Part 2.]</subfield>
         <subfield code="t">Documents of the Gaochang Kingdom under the Kan family.</subfield>
         <subfield code="t">Research on the date of documents newly-excavated in tomb 1 of Yanghai /</subfield>
         <subfield code="r">Chen Hao --</subfield>
         <subfield code="t">Study on a newly-discovered embassy documents of the Gaochang Kingdom under the Kan family and its local administrative districts /</subfield>
         <subfield code="r">Rong Xinjiang --</subfield>
         <subfield code="t">On the new manuscripts of Confucian Analects with commentary and Xiaojing yi from Turfan /</subfield>
         <subfield code="r">Zhu Yuqi --</subfield>
         <subfield code="t">Research on the manuscript of Yizazhan from the Gaochang Kingdom under the Kan family excavated in tomb 1 of Yanghai /</subfield>
         <subfield code="r">Yu Xin and Chen Hao --</subfield>
         <subfield code="t">A study on a batch of newly-discovered Turfan documents about a register of peasant's offerings and corveein in the Gaochang Kingdom during the Kan family /</subfield>
         <subfield code="r">Pei Chengguo.</subfield>
         <subfield code="g">[Part 3.]</subfield>
         <subfield code="t">Documents of the Gaochang Kingdom under the Qu family.</subfield>
         <subfield code="t">Research on the epitaph bricks of the Gaochang Kingdom excavated from the cemeteries in Jiaohe, Turfan /</subfield>
         <subfield code="r">Zhang Mingxin --</subfield>
         <subfield code="t">Kang family's tomb in Gauxi, Jiaohe and the sinicization of the Sogdian immigrants in Jiaohe /</subfield>
         <subfield code="r">Li Xiao.</subfield>
      </datafield>
      <datafield tag="505" ind1="8" ind2="0">
         <subfield code="g">[Part 4.]</subfield>
         <subfield code="t">Documents of the Xi prefecture under Tang dynasty.</subfield>
         <subfield code="t">Research on the official document (fu) in the Ministry of Personnel, Department of State Affair at the Eastern Capital (Luoyang) in the Tang dynasty /</subfield>
         <subfield code="r">Shi Rui --</subfield>
         <subfield code="t">A study on a newly-discovered Turfan fragment : ordinances of the Ministry of Rites in the Kuanyuan period of Tang /</subfield>
         <subfield code="r">Lei Wen --</subfield>
         <subfield code="t">The duty fanshang of fubing soliders in the Tang dynasty : a new insight /</subfield>
         <subfield code="r">Meng Xianshi --</subfield>
         <subfield code="t">Guan and the administrative running of the local government in the Tang dynasty : based on the newly-discovered documents from Turfan /</subfield>
         <subfield code="r">Lei Wen --</subfield>
         <subfield code="t">On the newly-discovered documents in Turfan concerning the post-station in Jiaohe commandery of Tang in the tenth year of the Tianbao era /</subfield>
         <subfield code="r">Bi Bo --</subfield>
         <subfield code="t">The newly-discovered official document : monkship of Si'en Temple, Gaochang county, Xi prefecture of Tang dynasty /</subfield>
         <subfield code="r">Meng Xianshi --</subfield>
         <subfield code="t">A study on the system of levy after the supervised inspection of early stage of Tang through newly excavated Turfan documents /</subfield>
         <subfield code="r">Ding Jun --</subfield>
         <subfield code="t">The scattered Qarluq tribe in A.D. 662-663 as seen in newly-discovered Turfan documents /</subfield>
         <subfield code="r">Rong Xinjiang --</subfield>
         <subfield code="t">Study on a newly excavated register of the taxation of Xi prefecture and related military events in the western regions in 685-688 A.D. /</subfield>
         <subfield code="r">Wen Xin --</subfield>
         <subfield code="t">Research on calendars of Tang dynasty newly found in Tai-san of Turfan /</subfield>
         <subfield code="r">Chen Hao --</subfield>
         <subfield code="t">Fragments of practice handwriting of poems in newly-discovered Turfan documents /</subfield>
         <subfield code="r">Li Xiao and Zhu Yuqi.</subfield>
      </datafield>
      <datafield tag="546" ind1=" " ind2=" ">
         <subfield code="a">Preface and table of contents also in English.</subfield>
      </datafield>
      <datafield tag="651" ind1=" " ind2="0">
         <subfield code="a">Turpan Diqu (China)</subfield>
         <subfield code="x">Antiquities.</subfield>
      </datafield>
      <datafield tag="651" ind1=" " ind2="0">
         <subfield code="a">China</subfield>
         <subfield code="x">Antiquities.</subfield>
      </datafield>
      <datafield tag="650" ind1=" " ind2="0">
         <subfield code="a">Manuscripts, Chinese</subfield>
         <subfield code="z">China</subfield>
         <subfield code="z">Turpan Diqu.</subfield>
      </datafield>
      <datafield tag="650" ind1=" " ind2="0">
         <subfield code="a">Excavations (Archaeology)</subfield>
         <subfield code="z">China</subfield>
         <subfield code="z">Turpan Diqu.</subfield>
      </datafield>
      <datafield tag="650" ind1=" " ind2="7">
         <subfield code="a">Antiquities.</subfield>
         <subfield code="2">fast</subfield>
         <subfield code="0">(OCoLC)fst00810745</subfield>
      </datafield>
      <datafield tag="650" ind1=" " ind2="7">
         <subfield code="a">Manuscripts, Chinese.</subfield>
         <subfield code="2">fast</subfield>
         <subfield code="0">(OCoLC)fst01008310</subfield>
      </datafield>
      <datafield tag="651" ind1=" " ind2="7">
         <subfield code="a">China.</subfield>
         <subfield code="2">fast</subfield>
         <subfield code="0">(OCoLC)fst01206073</subfield>
      </datafield>
      <datafield tag="651" ind1=" " ind2="7">
         <subfield code="a">China</subfield>
         <subfield code="z">Turpan Diqu.</subfield>
         <subfield code="2">fast</subfield>
         <subfield code="0">(OCoLC)fst01259019</subfield>
      </datafield>
      <datafield tag="700" ind1="1" ind2=" ">
         <subfield code="6">880-05</subfield>
         <subfield code="a">Rong, Xinjiang.</subfield>
      </datafield>
      <datafield tag="700" ind1="1" ind2=" ">
         <subfield code="6">880-06</subfield>
         <subfield code="a">Li, Xiao,</subfield>
         <subfield code="d">1963 June-</subfield>
      </datafield>
      <datafield tag="700" ind1="1" ind2=" ">
         <subfield code="6">880-07</subfield>
         <subfield code="a">Meng, Xianshi,</subfield>
         <subfield code="d">1962-</subfield>
      </datafield>
      <datafield tag="880" ind1="0" ind2="0">
         <subfield code="6">245-01/</subfield>
         <subfield code="a">新获吐鲁番出土文献研究论集 /</subfield>
         <subfield code="c">荣新江, 李肖, 孟宪实主编.</subfield>
      </datafield>
      <datafield tag="880" ind1=" " ind2=" ">
         <subfield code="6">250-02/</subfield>
         <subfield code="a">第1版.</subfield>
      </datafield>
      <datafield tag="880" ind1=" " ind2="1">
         <subfield code="6">264-03/</subfield>
         <subfield code="a">北京 :</subfield>
         <subfield code="b">中国人民大学出版社,</subfield>
         <subfield code="c">2010.</subfield>
      </datafield>
      <datafield tag="880" ind1="1" ind2=" ">
         <subfield code="6">490-04/</subfield>
         <subfield code="a">西域历史语言研究丛书</subfield>
      </datafield>
      <datafield tag="880" ind1="1" ind2=" ">
         <subfield code="6">700-05/</subfield>
         <subfield code="a">荣新江.</subfield>
      </datafield>
      <datafield tag="880" ind1="1" ind2=" ">
         <subfield code="6">700-06/</subfield>
         <subfield code="a">李肖,</subfield>
         <subfield code="d">1963 June-</subfield>
      </datafield>
      <datafield tag="880" ind1="1" ind2=" ">
         <subfield code="6">700-07/</subfield>
         <subfield code="a">孟憲實,</subfield>
         <subfield code="d">1962-</subfield>
      </datafield>
      <datafield tag="830" ind1=" " ind2="0">
         <subfield code="6">880-08</subfield>
         <subfield code="a">Xiyu li shi yu yan yan jiu cong shu.</subfield>
      </datafield>
      <datafield tag="880" ind1=" " ind2="0">
         <subfield code="6">830-08/</subfield>
         <subfield code="a">西域历史语言研究丛书</subfield>
      </datafield>
      <datafield tag="994" ind1=" " ind2=" ">
         <subfield code="a">Z0</subfield>
         <subfield code="b">ZYU</subfield>
      </datafield>
      <datafield tag="OWN" ind1=" " ind2=" ">
         <subfield code="a">GENERAL</subfield>
      </datafield>
      <datafield tag="AVA" ind1=" " ind2=" ">
         <subfield code="a">NYU50</subfield>
         <subfield code="b">NISAW</subfield>
         <subfield code="c">Small Collection</subfield>
         <subfield code="d">DS797.84.T859 X56 2010</subfield>
         <subfield code="e">available</subfield>
         <subfield code="t">Available</subfield>
         <subfield code="f">1</subfield>
         <subfield code="g">0</subfield>
         <subfield code="h">N</subfield>
         <subfield code="i">0</subfield>
         <subfield code="j">SMALL</subfield>
         <subfield code="k">0</subfield>
      </datafield>
      <marc:datafield tag="852" ind1=" " ind2=" ">
         <marc:subfield code="b">Institute for the Study of the Ancient World, </marc:subfield>
         <marc:subfield code="c">Small Collection</marc:subfield>
         <marc:subfield code="e">15 East 84th St., </marc:subfield>
         <marc:subfield code="e">New York, NY  10028</marc:subfield>
      </marc:datafield>
   </record>