
  
  
  
  
  
  
 
  
  <record xsi:schemaLocation="http://www.loc.gov/MARC21/slim http://www.loc.gov/standards/marcxml/schema/MARC21slim.xsd">
      <leader>00000cam a2200337 a 4500</leader>
      <controlfield tag="FMT">BK</controlfield>
      <controlfield tag="LDR">00000cam a2200337 a 4500</controlfield>
      <controlfield tag="001">000491696</controlfield>
      <controlfield tag="003">NNU</controlfield>
      <controlfield tag="005">20151208134812.0</controlfield>
      <controlfield tag="008">061124s2006    gw af    b    001 0 eng d</controlfield>
      <datafield tag="010" ind1=" " ind2=" ">
         <subfield code="a">2007398048</subfield>
      </datafield>
      <datafield tag="016" ind1="7" ind2=" ">
         <subfield code="a">979887984</subfield>
         <subfield code="2">GyFmDB</subfield>
      </datafield>
      <datafield tag="020" ind1=" " ind2=" ">
         <subfield code="a">9783805335270 (hd.bd.)</subfield>
      </datafield>
      <datafield tag="020" ind1=" " ind2=" ">
         <subfield code="a">380533527X (hd.bd.)</subfield>
      </datafield>
      <datafield tag="035" ind1=" " ind2=" ">
         <subfield code="a">(NYU)NYUb13478695</subfield>
      </datafield>
      <datafield tag="035" ind1=" " ind2=" ">
         <subfield code="a">(OCoLC)76809197</subfield>
      </datafield>
      <datafield tag="035" ind1=" " ind2=" ">
         <subfield code="a">(OCoLC)ocm76809197</subfield>
      </datafield>
      <datafield tag="035" ind1="9" ind2=" ">
         <subfield code="a">NYUb13478695</subfield>
      </datafield>
      <datafield tag="040" ind1=" " ind2=" ">
         <subfield code="a">OHX</subfield>
         <subfield code="c">OHX</subfield>
         <subfield code="d">WAU</subfield>
         <subfield code="d">DLC</subfield>
         <subfield code="d">NNU</subfield>
      </datafield>
      <datafield tag="043" ind1=" " ind2=" ">
         <subfield code="a">a-tu---</subfield>
      </datafield>
      <datafield tag="050" ind1="0" ind2="0">
         <subfield code="a">NB1296.3</subfield>
         <subfield code="b">.S63 2006</subfield>
      </datafield>
      <datafield tag="072" ind1=" " ind2="7">
         <subfield code="a">NB</subfield>
         <subfield code="2">lcco</subfield>
      </datafield>
      <datafield tag="100" ind1="1" ind2=" ">
         <subfield code="a">Smith, R. R. R.</subfield>
      </datafield>
      <datafield tag="245" ind1="1" ind2="0">
         <subfield code="a">Roman portrait statuary from Aphrodisias /</subfield>
         <subfield code="c">by R.R.R. Smith ; with Sheila Dillon ... [et al.].</subfield>
      </datafield>
      <datafield tag="260" ind1=" " ind2=" ">
         <subfield code="a">Mainz am Rhein :</subfield>
         <subfield code="b">von Zabern,</subfield>
         <subfield code="c">2006.</subfield>
      </datafield>
      <datafield tag="300" ind1=" " ind2=" ">
         <subfield code="a">xiv, 338 p., 163 p. of plates :</subfield>
         <subfield code="b">ill. ;</subfield>
         <subfield code="c">32 cm.</subfield>
      </datafield>
      <datafield tag="490" ind1="1" ind2=" ">
         <subfield code="a">Aphrodisias ;</subfield>
         <subfield code="v">2</subfield>
      </datafield>
      <datafield tag="504" ind1=" " ind2=" ">
         <subfield code="a">Includes bibliographical references and index.</subfield>
      </datafield>
      <datafield tag="505" ind1="0" ind2="0">
         <subfield code="g">Part I.</subfield>
         <subfield code="t">Introduction.</subfield>
         <subfield code="g">1.</subfield>
         <subfield code="t">Local contexts.</subfield>
         <subfield code="t">Aims and methods --</subfield>
         <subfield code="t">Archaeological contexts --</subfield>
         <subfield code="t">Civic and honorific contexts : portrait statues and local politics --</subfield>
         <subfield code="t">Production and technique --</subfield>
         <subfield code="t">Costumes and chronology.</subfield>
         <subfield code="g">2.</subfield>
         <subfield code="t">Portrait statues and local history.</subfield>
         <subfield code="t">Late Hellenistic period --</subfield>
         <subfield code="t">Early empire and first century AD --</subfield>
         <subfield code="t">Second century AD --</subfield>
         <subfield code="t">Third century AD --</subfield>
         <subfield code="t">End of the civic portrait tradition at Aphrodisias.</subfield>
         <subfield code="g">Appendix.</subfield>
         <subfield code="t">Honorands with statues : table of inscriptions (H 1-274).</subfield>
         <subfield code="g">Part II.</subfield>
         <subfield code="t">Catalog.</subfield>
         <subfield code="t">Statues.</subfield>
         <subfield code="t">Statues wearing the toga --</subfield>
         <subfield code="t">Statues in armor --</subfield>
         <subfield code="t">Naked statues --</subfield>
         <subfield code="t">Statues wearing the himation --</subfield>
         <subfield code="t">Statues of women.</subfield>
         <subfield code="t">Busts.</subfield>
         <subfield code="t">Busts and herms.</subfield>
         <subfield code="t">Detached portrait heads.</subfield>
         <subfield code="t">Portrait heads of emperors --</subfield>
         <subfield code="t">Portrait heads of local men --</subfield>
         <subfield code="t">Portrait heads of local women.</subfield>
         <subfield code="t">Portraits in relief.</subfield>
         <subfield code="t">Stelai and other reliefs --</subfield>
         <subfield code="t">Select sarcophagi.</subfield>
         <subfield code="t">Museum index --</subfield>
         <subfield code="g">Concordance :</subfield>
         <subfield code="t">Cataloged portraits and their inventory numbers, by find location --</subfield>
         <subfield code="g">Concordance :</subfield>
         <subfield code="t">Cataloged portraits and other Aphrodisias sculptures, by inventory number --</subfield>
         <subfield code="t">Sources of illustrations.</subfield>
      </datafield>
      <datafield tag="650" ind1=" " ind2="0">
         <subfield code="a">Portrait sculpture, Roman</subfield>
         <subfield code="z">Turkey</subfield>
         <subfield code="z">Aphrodisias (Extinct city).</subfield>
      </datafield>
      <datafield tag="651" ind1=" " ind2="0">
         <subfield code="a">Turkey</subfield>
         <subfield code="x">Antiquities, Roman.</subfield>
      </datafield>
      <datafield tag="650" ind1=" " ind2="0">
         <subfield code="a">Excavations (Archaeology)</subfield>
         <subfield code="z">Turkey</subfield>
         <subfield code="z">Aphrodisias (Extinct city).</subfield>
      </datafield>
      <datafield tag="651" ind1=" " ind2="0">
         <subfield code="a">Aphrodisias (Extinct city)</subfield>
      </datafield>
      <datafield tag="700" ind1="1" ind2=" ">
         <subfield code="a">Dillon, Sheila.</subfield>
      </datafield>
      <datafield tag="700" ind1="1" ind2=" ">
         <subfield code="a">Hallett, Christopher H.</subfield>
      </datafield>
      <datafield tag="700" ind1="1" ind2=" ">
         <subfield code="a">Lenaghan, Julia.</subfield>
      </datafield>
      <datafield tag="700" ind1="1" ind2=" ">
         <subfield code="a">Van Voorhis, Julie A.</subfield>
      </datafield>
      <datafield tag="710" ind1="2" ind2=" ">
         <subfield code="a">Shelby White and Leon Levy Program for Archaeological Publications (Firm)</subfield>
      </datafield>
      <datafield tag="797" ind1="2" ind2=" ">
         <subfield code="a">White Levy Program Collection.</subfield>
      </datafield>
      <datafield tag="797" ind1="2" ind2=" ">
         <subfield code="a">WLP Collection.</subfield>
      </datafield>
      <datafield tag="830" ind1=" " ind2="0">
         <subfield code="a">Aphrodisias ;</subfield>
         <subfield code="v">2.</subfield>
      </datafield>
      <datafield tag="994" ind1=" " ind2=" ">
         <subfield code="a">Z0</subfield>
         <subfield code="b">ZYU</subfield>
      </datafield>
      <datafield tag="OWN" ind1=" " ind2=" ">
         <subfield code="a">GENERAL</subfield>
      </datafield>
      <datafield tag="AVA" ind1=" " ind2=" ">
         <subfield code="a">NYU50</subfield>
         <subfield code="b">BOBST</subfield>
         <subfield code="c">Main Collection</subfield>
         <subfield code="d">NB1296.3 .S63 2006</subfield>
         <subfield code="e">available</subfield>
         <subfield code="t">Available</subfield>
         <subfield code="f">1</subfield>
         <subfield code="g">0</subfield>
         <subfield code="h">N</subfield>
         <subfield code="i">14</subfield>
         <subfield code="j">MAIN</subfield>
         <subfield code="k">0</subfield>
      </datafield>
      <datafield tag="AVA" ind1=" " ind2=" ">
         <subfield code="a">NYU50</subfield>
         <subfield code="b">NIFA</subfield>
         <subfield code="c">Main Collection</subfield>
         <subfield code="d">NB1296.3 .S63 2006 Non-circulating</subfield>
         <subfield code="e">available</subfield>
         <subfield code="t">Available</subfield>
         <subfield code="f">1</subfield>
         <subfield code="g">0</subfield>
         <subfield code="h">N</subfield>
         <subfield code="i">0</subfield>
         <subfield code="j">MAIN</subfield>
         <subfield code="k">0</subfield>
      </datafield>
      <datafield tag="AVA" ind1=" " ind2=" ">
         <subfield code="a">NYU50</subfield>
         <subfield code="b">NISAW</subfield>
         <subfield code="c">Large Collection</subfield>
         <subfield code="d">NB1296.3 .S63 2006</subfield>
         <subfield code="e">available</subfield>
         <subfield code="t">Available</subfield>
         <subfield code="f">1</subfield>
         <subfield code="g">0</subfield>
         <subfield code="h">N</subfield>
         <subfield code="i">0</subfield>
         <subfield code="j">LARGE</subfield>
         <subfield code="k">0</subfield>
      </datafield>
      <marc:datafield tag="852" ind1=" " ind2=" ">
         <marc:subfield code="b">Institute for the Study of the Ancient World, </marc:subfield>
         <marc:subfield code="c">Large Collection</marc:subfield>
         <marc:subfield code="e">15 East 84th St., </marc:subfield>
         <marc:subfield code="e">New York, NY  10028</marc:subfield>
      </marc:datafield>
   </record>