
  
  
  
  
  
  
 
  
  <record xsi:schemaLocation="http://www.loc.gov/MARC21/slim http://www.loc.gov/standards/marcxml/schema/MARC21slim.xsd">
      <leader>00000cam a2200373 a 4500</leader>
      <controlfield tag="FMT">BK</controlfield>
      <controlfield tag="LDR">00000cam a2200373 a 4500</controlfield>
      <controlfield tag="001">004214176</controlfield>
      <controlfield tag="003">OCoLC</controlfield>
      <controlfield tag="005">20151211121432.0</controlfield>
      <controlfield tag="008">151211s1991    gw       b    000 0 ger d</controlfield>
      <datafield tag="020" ind1=" " ind2=" ">
         <subfield code="a">3860103814</subfield>
      </datafield>
      <datafield tag="020" ind1=" " ind2=" ">
         <subfield code="a">9783860103814</subfield>
      </datafield>
      <datafield tag="035" ind1=" " ind2=" ">
         <subfield code="a">(OCoLC)221095255</subfield>
      </datafield>
      <datafield tag="040" ind1=" " ind2=" ">
         <subfield code="a">AU@</subfield>
         <subfield code="b">eng</subfield>
         <subfield code="c">AU@</subfield>
         <subfield code="d">OCLCQ</subfield>
         <subfield code="d">GBVCP</subfield>
         <subfield code="d">OCLCO</subfield>
         <subfield code="d">OCLCQ</subfield>
         <subfield code="d">NNU</subfield>
      </datafield>
      <datafield tag="041" ind1="0" ind2=" ">
         <subfield code="a">ger</subfield>
         <subfield code="a">rus</subfield>
      </datafield>
      <datafield tag="050" ind1=" " ind2="4">
         <subfield code="a">PG2099</subfield>
         <subfield code="b">.A58 1991</subfield>
      </datafield>
      <datafield tag="066" ind1=" " ind2=" ">
         <subfield code="c">(N</subfield>
      </datafield>
      <datafield tag="084" ind1=" " ind2=" ">
         <subfield code="a">17.25</subfield>
         <subfield code="2">bcl</subfield>
      </datafield>
      <datafield tag="084" ind1=" " ind2=" ">
         <subfield code="a">17.41</subfield>
         <subfield code="2">bcl</subfield>
      </datafield>
      <datafield tag="084" ind1=" " ind2=" ">
         <subfield code="a">18.09</subfield>
         <subfield code="2">bcl</subfield>
      </datafield>
      <datafield tag="084" ind1=" " ind2=" ">
         <subfield code="a">18.52</subfield>
         <subfield code="2">bcl</subfield>
      </datafield>
      <datafield tag="245" ind1="0" ind2="0">
         <subfield code="6">880-01</subfield>
         <subfield code="a">Aktuelle Probleme der Beschreibung einer Spache als Fremdsprache =</subfield>
         <subfield code="b">Aktualʹnye problemy opisanii͡a i͡azyka kak inostrannogo /</subfield>
         <subfield code="c">herausgegeben von W. Boeck, I.A. Sternin.</subfield>
      </datafield>
      <datafield tag="246" ind1="3" ind2="0">
         <subfield code="6">880-02</subfield>
         <subfield code="a">Aktualʹnye problemy opisanii͡a i͡azyka kak inostrannogo</subfield>
      </datafield>
      <datafield tag="260" ind1=" " ind2=" ">
         <subfield code="a">Halle :</subfield>
         <subfield code="b">Martin-Luther-Universität Halle-Wittenberg,</subfield>
         <subfield code="c">1991.</subfield>
      </datafield>
      <datafield tag="300" ind1=" " ind2=" ">
         <subfield code="a">144 pages ;</subfield>
         <subfield code="c">21 cm.</subfield>
      </datafield>
      <datafield tag="336" ind1=" " ind2=" ">
         <subfield code="a">text</subfield>
         <subfield code="b">txt</subfield>
         <subfield code="2">rdacontent</subfield>
      </datafield>
      <datafield tag="337" ind1=" " ind2=" ">
         <subfield code="a">unmediated</subfield>
         <subfield code="b">n</subfield>
         <subfield code="2">rdamedia</subfield>
      </datafield>
      <datafield tag="338" ind1=" " ind2=" ">
         <subfield code="a">volume</subfield>
         <subfield code="b">nc</subfield>
         <subfield code="2">rdacarrier</subfield>
      </datafield>
      <datafield tag="490" ind1="1" ind2=" ">
         <subfield code="a">Wissenschaftliche Beiträge,</subfield>
         <subfield code="x">0440-1298 ;</subfield>
         <subfield code="v">1991/10(F102)</subfield>
      </datafield>
      <datafield tag="500" ind1=" " ind2=" ">
         <subfield code="a">ISAW copy is from the Library of Hayim and Miriam Tadmor.</subfield>
         <subfield code="5">NNU</subfield>
      </datafield>
      <datafield tag="505" ind1="0" ind2="0">
         <subfield code="t">Kommunikativnoe povedenie i obučenie jazyku /</subfield>
         <subfield code="r">I.A. Sternin --</subfield>
         <subfield code="t">Didaktičeskie funkcii jazyka učitelja i obučenie pedagogičeskoj kommunikacii studentov inostrannych jazykov /</subfield>
         <subfield code="r">H. Eckert --</subfield>
         <subfield code="t">Sočetaemost' cvetovych prilagatel'nych russkogo jazyka i praktika prepodavanija /</subfield>
         <subfield code="r">A.M. Golodjaevskaja --</subfield>
         <subfield code="t">O preimach leksikografičeskogo opisanija semantiki ėmocional'no-ocenočnych edinic /</subfield>
         <subfield code="r">Z.E. Fomina --</subfield>
         <subfield code="t">Semantičeskaja specifika geometričeskich nominacij /</subfield>
         <subfield code="r">V.M. Toporova --</subfield>
         <subfield code="t">K probleme sozdanija russko-nemeckogo konstrastivnogo slovarja /</subfield>
         <subfield code="r">B. Charitonova --</subfield>
         <subfield code="t">Phraseologische Einheiten mit Tierbezeichnungen : ein Vergleich Russisch/Deutsch /</subfield>
         <subfield code="r">B. Stephan --</subfield>
         <subfield code="t">Opyt konteskstnogo analiza pri vyjavlenii semantičeskich izmenenij i idiomatizirovannych sočetanij /</subfield>
         <subfield code="r">S. Schätzke, E.V. Sidorkin --</subfield>
         <subfield code="t">Mehrwortlexeme im politischen Wortschatz /</subfield>
         <subfield code="r">W. Stephan --</subfield>
         <subfield code="t">Politische Leitwörter der Gegenwart aus sprachhistorischer Sicht /</subfield>
         <subfield code="r">Chr. Fleckenstein --</subfield>
         <subfield code="t">Narečija kak komponent funkcional'no-semantičeskogo polja prostranstvennosti v russkom jazyke special'nosti dlja medikov /</subfield>
         <subfield code="r">I. Appel --</subfield>
         <subfield code="t">Die temporale präpositionale Konstruktion als eine zentrale Realisierungsform des Zeitausdrucks in der Fachsprache der Pflanzenproduktion /</subfield>
         <subfield code="r">A. Junge --</subfield>
         <subfield code="t">O kompressii složnopodčinennych predloženij s pridatočnymi vremeni i celi v russkom i nemeckon jazykach /</subfield>
         <subfield code="r">E.S. Čalenko --</subfield>
         <subfield code="t">Zur russische reproduzierten Rede im Tätigkeitsaspekt /</subfield>
         <subfield code="r">W. Boeck --</subfield>
         <subfield code="t">Čtenie pri učete kommunikativnogo aspekta /</subfield>
         <subfield code="r">I. Linden --</subfield>
         <subfield code="t">Zu einigen Besonderheiten des Gebrauchs von Anaphora im Russischen und Deutschen /</subfield>
         <subfield code="r">D. Kötz --</subfield>
         <subfield code="t">Die Anwendung einer speziellen Theorie der aktuellen Satzgliederung auf intonatorische Untersuchungen /</subfield>
         <subfield code="r">A. Leeke.</subfield>
      </datafield>
      <datafield tag="546" ind1=" " ind2=" ">
         <subfield code="a">Contributions in German or Russian.</subfield>
      </datafield>
      <datafield tag="650" ind1=" " ind2="0">
         <subfield code="a">Language and languages.</subfield>
      </datafield>
      <datafield tag="650" ind1=" " ind2="0">
         <subfield code="a">German language</subfield>
         <subfield code="x">Grammar, Comparative</subfield>
         <subfield code="x">Russian.</subfield>
      </datafield>
      <datafield tag="650" ind1=" " ind2="0">
         <subfield code="a">Russian language</subfield>
         <subfield code="x">Grammar, Comparative</subfield>
         <subfield code="x">German.</subfield>
      </datafield>
      <datafield tag="796" ind1="1" ind2=" ">
         <subfield code="a">Tadmor, Hayim,</subfield>
         <subfield code="e">former owner.</subfield>
      </datafield>
      <datafield tag="796" ind1="1" ind2=" ">
         <subfield code="a">Tadmor, Miriam,</subfield>
         <subfield code="e">former owner.</subfield>
      </datafield>
      <datafield tag="797" ind1="2" ind2=" ">
         <subfield code="a">Tadmor Collection.</subfield>
      </datafield>
      <datafield tag="700" ind1="1" ind2=" ">
         <subfield code="a">Boeck, Wolfgang,</subfield>
         <subfield code="d">1930-</subfield>
      </datafield>
      <datafield tag="700" ind1="1" ind2=" ">
         <subfield code="a">Sternin, Iosif Abramovich.</subfield>
      </datafield>
      <datafield tag="880" ind1="0" ind2="0">
         <subfield code="6">245-01/</subfield>
         <subfield code="a">Aktuelle Probleme der Beschreibung einer Spache als Fremdsprache =</subfield>
         <subfield code="b">Актуальные проблемы описания языка как иностранного /</subfield>
         <subfield code="c">herausgegeben von W. Boeck, I.A. Sternin.</subfield>
      </datafield>
      <datafield tag="880" ind1="3" ind2="0">
         <subfield code="6">246-02/</subfield>
         <subfield code="a">Актуальные проблемы описания языка как иностранного</subfield>
      </datafield>
      <datafield tag="830" ind1=" " ind2="0">
         <subfield code="a">Wissenschaftliche Beiträge der Martin-Luther-Universität Halle-Wittenberg ;</subfield>
         <subfield code="v">1991/10(F102)</subfield>
      </datafield>
      <datafield tag="994" ind1=" " ind2=" ">
         <subfield code="a">Z0</subfield>
         <subfield code="b">ZYU</subfield>
      </datafield>
      <datafield tag="OWN" ind1=" " ind2=" ">
         <subfield code="a">GENERAL</subfield>
      </datafield>
      <datafield tag="AVA" ind1=" " ind2=" ">
         <subfield code="a">NYU50</subfield>
         <subfield code="b">NISAW</subfield>
         <subfield code="c">Small Collection</subfield>
         <subfield code="d">PG2099 .A58 1991</subfield>
         <subfield code="e">available</subfield>
         <subfield code="t">Available</subfield>
         <subfield code="f">1</subfield>
         <subfield code="g">0</subfield>
         <subfield code="h">N</subfield>
         <subfield code="i">0</subfield>
         <subfield code="j">SMALL</subfield>
         <subfield code="k">0</subfield>
      </datafield>
      <marc:datafield tag="852" ind1=" " ind2=" ">
         <marc:subfield code="b">Institute for the Study of the Ancient World, </marc:subfield>
         <marc:subfield code="c">Small Collection</marc:subfield>
         <marc:subfield code="e">15 East 84th St., </marc:subfield>
         <marc:subfield code="e">New York, NY  10028</marc:subfield>
      </marc:datafield>
   </record>