
  
  
  
  
  
 
  
  <record xsi:schemaLocation="http://www.loc.gov/MARC21/slim http://www.loc.gov/standards/marcxml/schema/MARC21slim.xsd">
      <leader>00000cam a2200385 a 4500</leader>
      <controlfield tag="FMT">BK</controlfield>
      <controlfield tag="LDR">00000cam a2200385 a 4500</controlfield>
      <controlfield tag="001">004216870</controlfield>
      <controlfield tag="003">OCoLC</controlfield>
      <controlfield tag="005">20151214160136.0</controlfield>
      <controlfield tag="008">151214s1957    ne ab    b    000 0 eng d</controlfield>
      <datafield tag="035" ind1=" " ind2=" ">
         <subfield code="a">(OCoLC)7148319</subfield>
      </datafield>
      <datafield tag="040" ind1=" " ind2=" ">
         <subfield code="a">ODC</subfield>
         <subfield code="b">eng</subfield>
         <subfield code="c">ODC</subfield>
         <subfield code="d">NLGGC</subfield>
         <subfield code="d">LGG</subfield>
         <subfield code="d">OCLCQ</subfield>
         <subfield code="d">DEBSZ</subfield>
         <subfield code="d">OCLCO</subfield>
         <subfield code="d">OCLCF</subfield>
         <subfield code="d">OCLCQ</subfield>
         <subfield code="d">NNU</subfield>
      </datafield>
      <datafield tag="041" ind1="0" ind2=" ">
         <subfield code="a">eng</subfield>
         <subfield code="b">eng</subfield>
         <subfield code="b">fre</subfield>
         <subfield code="b">ger</subfield>
         <subfield code="b">spa</subfield>
         <subfield code="b">ita</subfield>
         <subfield code="b">dut</subfield>
      </datafield>
      <datafield tag="043" ind1=" " ind2=" ">
         <subfield code="a">a-is---</subfield>
         <subfield code="a">awba---</subfield>
         <subfield code="a">awgz---</subfield>
      </datafield>
      <datafield tag="050" ind1=" " ind2="4">
         <subfield code="a">DS111</subfield>
         <subfield code="b">.H65</subfield>
      </datafield>
      <datafield tag="082" ind1="0" ind2="4">
         <subfield code="a">913</subfield>
         <subfield code="b">A633, 1957</subfield>
      </datafield>
      <datafield tag="084" ind1=" " ind2=" ">
         <subfield code="a">11.35</subfield>
         <subfield code="2">bcl</subfield>
      </datafield>
      <datafield tag="245" ind1="0" ind2="4">
         <subfield code="a">The Holy Land :</subfield>
         <subfield code="b">new light on the prehistory and early history of Israel /</subfield>
         <subfield code="c">published in cooperation with the Hebrew University, Department of Antiquities, Israel Exploration Society.</subfield>
      </datafield>
      <datafield tag="260" ind1=" " ind2=" ">
         <subfield code="a">The Hague &amp; Jerusalem :</subfield>
         <subfield code="b">Luctor et Emergo,</subfield>
         <subfield code="c">1957.</subfield>
      </datafield>
      <datafield tag="300" ind1=" " ind2=" ">
         <subfield code="a">317 pages :</subfield>
         <subfield code="b">illustrations ;</subfield>
         <subfield code="c">22 cm.</subfield>
      </datafield>
      <datafield tag="336" ind1=" " ind2=" ">
         <subfield code="a">text</subfield>
         <subfield code="b">txt</subfield>
         <subfield code="2">rdacontent</subfield>
      </datafield>
      <datafield tag="337" ind1=" " ind2=" ">
         <subfield code="a">unmediated</subfield>
         <subfield code="b">n</subfield>
         <subfield code="2">rdamedia</subfield>
      </datafield>
      <datafield tag="338" ind1=" " ind2=" ">
         <subfield code="a">volume</subfield>
         <subfield code="b">nc</subfield>
         <subfield code="2">rdacarrier</subfield>
      </datafield>
      <datafield tag="490" ind1="1" ind2=" ">
         <subfield code="a">Antiquity and survival ;</subfield>
         <subfield code="v">vol. II: 2-3</subfield>
      </datafield>
      <datafield tag="500" ind1=" " ind2=" ">
         <subfield code="a">ISAW copy is from the Library of Hayim and Miriam Tadmor.</subfield>
         <subfield code="5">NNU</subfield>
      </datafield>
      <datafield tag="504" ind1=" " ind2=" ">
         <subfield code="a">Includes bibliographical references.</subfield>
      </datafield>
      <datafield tag="505" ind1="0" ind2="0">
         <subfield code="t">Le mésolithique de Palestine et les récentes découvertes à Eynan (Ain Mallaha) /</subfield>
         <subfield code="r">Jean Perrot --</subfield>
         <subfield code="t">The Land of Israel and the Birth of Civilization in the Near East /</subfield>
         <subfield code="r">S. Yeivin --</subfield>
         <subfield code="t">Some Aspects of Religious Life in Palestine during the Hyksos Rule /</subfield>
         <subfield code="r">M. Dothan --</subfield>
         <subfield code="t">Problems of the Israelite Conquest in the Light of Archaeological Discoveries /</subfield>
         <subfield code="r">Y. Aharoni --</subfield>
         <subfield code="t">Archaeological Reflections on the Philistine Problem /</subfield>
         <subfield code="r">T. Dothan --</subfield>
         <subfield code="t">Some Aspects of the Material Culture of Northern Israel during the Canaanite and Israalite Periods in the Light of Excavations at Hazor /</subfield>
         <subfield code="r">Yigael Yadin --</subfield>
         <subfield code="t">The Story of Pottery in Palestine /</subfield>
         <subfield code="r">Ruth Amiran --</subfield>
         <subfield code="t">Some Aspects of Ancient Glass /</subfield>
         <subfield code="r">P.P. Kahane --</subfield>
         <subfield code="t">Coins as Documents for Israel's Ancient History /</subfield>
         <subfield code="r">Arie Kindler --</subfield>
         <subfield code="t">An Apocryphal Genesis Scroll in Aramaic /</subfield>
         <subfield code="r">N. Avigad --</subfield>
         <subfield code="t">The Beth She'arim Necropolis /</subfield>
         <subfield code="r">N. Avigad --</subfield>
         <subfield code="t">Places of Worship in the Roman and Byzantine Periods /</subfield>
         <subfield code="r">M. Avi-Yonah --</subfield>
         <subfield code="t">Five Years of Archaeological Exploration in the Negev /</subfield>
         <subfield code="r">Nelson Glueck --</subfield>
         <subfield code="t">Recent Discoveries in the Sinai Peninsula: A Preliminary Note.</subfield>
         <subfield code="t">Results of the Archaeological Investigations /</subfield>
         <subfield code="r">Y. Aharoni</subfield>
         <subfield code="t">The Monastery of St. Catherine and its Library /</subfield>
         <subfield code="r">M. Avi-Yonah.</subfield>
      </datafield>
      <datafield tag="546" ind1=" " ind2=" ">
         <subfield code="a">English; one contribution in French; abstracts in English, French, German, Spanish, Italian, and Dutch.</subfield>
      </datafield>
      <datafield tag="651" ind1=" " ind2="0">
         <subfield code="a">Palestine</subfield>
         <subfield code="x">Antiquities.</subfield>
      </datafield>
      <datafield tag="650" ind1=" " ind2="0">
         <subfield code="a">Excavations (Archaeology)</subfield>
         <subfield code="z">Palestine.</subfield>
      </datafield>
      <datafield tag="650" ind1=" " ind2="7">
         <subfield code="a">Antiquities.</subfield>
         <subfield code="2">fast</subfield>
         <subfield code="0">(OCoLC)fst00810745</subfield>
      </datafield>
      <datafield tag="651" ind1=" " ind2="7">
         <subfield code="a">Middle East</subfield>
         <subfield code="z">Palestine.</subfield>
         <subfield code="2">fast</subfield>
         <subfield code="0">(OCoLC)fst01207534</subfield>
      </datafield>
      <datafield tag="710" ind1="2" ind2=" ">
         <subfield code="a">Ḥevrah la-ḥaḳirat Erets-Yiśraʼel ṿe-ʻatiḳoteha.</subfield>
      </datafield>
      <datafield tag="796" ind1="1" ind2=" ">
         <subfield code="a">Tadmor, Hayim,</subfield>
         <subfield code="e">former owner.</subfield>
      </datafield>
      <datafield tag="796" ind1="1" ind2=" ">
         <subfield code="a">Tadmor, Miriam,</subfield>
         <subfield code="e">former owner.</subfield>
      </datafield>
      <datafield tag="797" ind1="2" ind2=" ">
         <subfield code="a">Tadmor Collection.</subfield>
      </datafield>
      <datafield tag="830" ind1=" " ind2="0">
         <subfield code="a">Antiquity and survival ;</subfield>
         <subfield code="v">v.2, no.2-3.</subfield>
      </datafield>
      <datafield tag="994" ind1=" " ind2=" ">
         <subfield code="a">Z0</subfield>
         <subfield code="b">ZYU</subfield>
      </datafield>
      <datafield tag="OWN" ind1=" " ind2=" ">
         <subfield code="a">GENERAL</subfield>
      </datafield>
      <datafield tag="AVA" ind1=" " ind2=" ">
         <subfield code="a">NYU50</subfield>
         <subfield code="b">NISAW</subfield>
         <subfield code="c">Large Collection</subfield>
         <subfield code="d">DS111 .H65 1957</subfield>
         <subfield code="e">available</subfield>
         <subfield code="t">Available</subfield>
         <subfield code="f">1</subfield>
         <subfield code="g">0</subfield>
         <subfield code="h">N</subfield>
         <subfield code="i">0</subfield>
         <subfield code="j">LARGE</subfield>
         <subfield code="k">0</subfield>
      </datafield>
      <marc:datafield tag="852" ind1=" " ind2=" ">
         <marc:subfield code="b">Institute for the Study of the Ancient World, </marc:subfield>
         <marc:subfield code="c">Large Collection</marc:subfield>
         <marc:subfield code="e">15 East 84th St., </marc:subfield>
         <marc:subfield code="e">New York, NY  10028</marc:subfield>
      </marc:datafield>
   </record>