
  
  
  
  
  
  
 
  
  <record xsi:schemaLocation="http://www.loc.gov/MARC21/slim http://www.loc.gov/standards/marcxml/schema/MARC21slim.xsd">
      <leader>00000cam a2200505 a 4500</leader>
      <controlfield tag="FMT">BK</controlfield>
      <controlfield tag="LDR">00000cam a2200505 a 4500</controlfield>
      <controlfield tag="001">004216894</controlfield>
      <controlfield tag="003">OCoLC</controlfield>
      <controlfield tag="005">20151214165826.0</controlfield>
      <controlfield tag="008">151214s1933    gw fh         000 0 ger</controlfield>
      <datafield tag="010" ind1=" " ind2=" ">
         <subfield code="a">34012105</subfield>
      </datafield>
      <datafield tag="035" ind1=" " ind2=" ">
         <subfield code="a">(OCoLC)2865572</subfield>
      </datafield>
      <datafield tag="040" ind1=" " ind2=" ">
         <subfield code="a">DLC</subfield>
         <subfield code="b">eng</subfield>
         <subfield code="c">YUS</subfield>
         <subfield code="d">DLC</subfield>
         <subfield code="d">OCLCF</subfield>
         <subfield code="d">OCLCQ</subfield>
         <subfield code="d">OCLCO</subfield>
         <subfield code="d">NNU</subfield>
      </datafield>
      <datafield tag="041" ind1="0" ind2=" ">
         <subfield code="a">ger</subfield>
         <subfield code="a">akk</subfield>
      </datafield>
      <datafield tag="043" ind1=" " ind2=" ">
         <subfield code="a">a-tu---</subfield>
         <subfield code="a">a-iq---</subfield>
         <subfield code="a">e-gx---</subfield>
      </datafield>
      <datafield tag="050" ind1="0" ind2="0">
         <subfield code="a">DS69</subfield>
         <subfield code="b">.J4 no. 2-3</subfield>
      </datafield>
      <datafield tag="082" ind1="0" ind2="0">
         <subfield code="a">492.1917</subfield>
      </datafield>
      <datafield tag="090" ind1=" " ind2=" ">
         <subfield code="a">KL2208</subfield>
         <subfield code="b">.H55 1933</subfield>
      </datafield>
      <datafield tag="100" ind1="1" ind2=" ">
         <subfield code="a">Krückmann, Oluf.</subfield>
      </datafield>
      <datafield tag="245" ind1="1" ind2="0">
         <subfield code="a">Neubabylonische rechts- und verwaltungstexte :</subfield>
         <subfield code="b">autographiert und mit inventarverzeichnis und namenlisten versehen /</subfield>
         <subfield code="c">von Oluf Krückmann.</subfield>
      </datafield>
      <datafield tag="260" ind1=" " ind2=" ">
         <subfield code="a">Leipzig :</subfield>
         <subfield code="b">J.C. Hinrichs,</subfield>
         <subfield code="c">1933.</subfield>
      </datafield>
      <datafield tag="300" ind1=" " ind2=" ">
         <subfield code="a">54 pages, 100 pages of plates :</subfield>
         <subfield code="b">facsimiles ;</subfield>
         <subfield code="c">32 cm.</subfield>
      </datafield>
      <datafield tag="336" ind1=" " ind2=" ">
         <subfield code="a">text</subfield>
         <subfield code="b">txt</subfield>
         <subfield code="2">rdacontent</subfield>
      </datafield>
      <datafield tag="336" ind1=" " ind2=" ">
         <subfield code="a">still image</subfield>
         <subfield code="b">sti</subfield>
         <subfield code="2">rdacontent</subfield>
      </datafield>
      <datafield tag="337" ind1=" " ind2=" ">
         <subfield code="a">unmediated</subfield>
         <subfield code="b">n</subfield>
         <subfield code="2">rdamedia</subfield>
      </datafield>
      <datafield tag="338" ind1=" " ind2=" ">
         <subfield code="a">volume</subfield>
         <subfield code="b">nc</subfield>
         <subfield code="2">rdacarrier</subfield>
      </datafield>
      <datafield tag="490" ind1="1" ind2=" ">
         <subfield code="a">Texte und materialien der Frau prof. Hilprecht collection of Babylonian antiquities ;</subfield>
         <subfield code="v">II-III</subfield>
      </datafield>
      <datafield tag="500" ind1=" " ind2=" ">
         <subfield code="a">Plates 1-97, autographed texts.</subfield>
      </datafield>
      <datafield tag="546" ind1=" " ind2=" ">
         <subfield code="a">Texts in cuneiform Akkadian; introductory matter in German.</subfield>
      </datafield>
      <datafield tag="650" ind1=" " ind2="0">
         <subfield code="a">Akkadian language</subfield>
         <subfield code="x">Texts.</subfield>
      </datafield>
      <datafield tag="650" ind1=" " ind2="0">
         <subfield code="a">Cuneiform tablets</subfield>
         <subfield code="z">Germany</subfield>
         <subfield code="z">Jena.</subfield>
      </datafield>
      <datafield tag="650" ind1=" " ind2="0">
         <subfield code="a">Law</subfield>
         <subfield code="z">Iraq</subfield>
         <subfield code="z">Babylonia.</subfield>
      </datafield>
      <datafield tag="650" ind1=" " ind2="0">
         <subfield code="a">Law, Assyro-Babylonian</subfield>
         <subfield code="v">Sources.</subfield>
      </datafield>
      <datafield tag="651" ind1=" " ind2="0">
         <subfield code="a">Babylonia</subfield>
         <subfield code="x">Politics and government</subfield>
         <subfield code="v">Sources.</subfield>
      </datafield>
      <datafield tag="610" ind1="2" ind2="0">
         <subfield code="a">Hilprecht-Sammlung Jena</subfield>
         <subfield code="v">Catalogs.</subfield>
      </datafield>
      <datafield tag="610" ind1="2" ind2="7">
         <subfield code="a">Hilprecht-Sammlung Jena.</subfield>
         <subfield code="2">fast</subfield>
         <subfield code="0">(OCoLC)fst00603113</subfield>
      </datafield>
      <datafield tag="650" ind1=" " ind2="7">
         <subfield code="a">Akkadian language.</subfield>
         <subfield code="2">fast</subfield>
         <subfield code="0">(OCoLC)fst00803982</subfield>
      </datafield>
      <datafield tag="650" ind1=" " ind2="7">
         <subfield code="a">Law.</subfield>
         <subfield code="2">fast</subfield>
         <subfield code="0">(OCoLC)fst00993678</subfield>
      </datafield>
      <datafield tag="651" ind1=" " ind2="7">
         <subfield code="a">Middle East</subfield>
         <subfield code="z">Babylonia.</subfield>
         <subfield code="2">fast</subfield>
         <subfield code="0">(OCoLC)fst01219361</subfield>
      </datafield>
      <datafield tag="655" ind1=" " ind2="7">
         <subfield code="a">Texts.</subfield>
         <subfield code="2">fast</subfield>
         <subfield code="0">(OCoLC)fst01423705</subfield>
      </datafield>
      <datafield tag="830" ind1=" " ind2="0">
         <subfield code="a">Texte und Materialien der Frau Professor Hilprecht Collection of Babylonian antiquities im Eigentum der Universität Jena ;</subfield>
         <subfield code="v">no. 2-3.</subfield>
      </datafield>
      <datafield tag="994" ind1=" " ind2=" ">
         <subfield code="a">Z0</subfield>
         <subfield code="b">ZYU</subfield>
      </datafield>
      <datafield tag="OWN" ind1=" " ind2=" ">
         <subfield code="a">GENERAL</subfield>
      </datafield>
      <datafield tag="AVA" ind1=" " ind2=" ">
         <subfield code="a">NYU50</subfield>
         <subfield code="b">NISAW</subfield>
         <subfield code="c">Large Collection</subfield>
         <subfield code="d">KL2208 .H55 1933</subfield>
         <subfield code="e">available</subfield>
         <subfield code="t">Available</subfield>
         <subfield code="f">1</subfield>
         <subfield code="g">0</subfield>
         <subfield code="h">N</subfield>
         <subfield code="i">0</subfield>
         <subfield code="j">LARGE</subfield>
         <subfield code="k">0</subfield>
      </datafield>
      <marc:datafield tag="852" ind1=" " ind2=" ">
         <marc:subfield code="b">Institute for the Study of the Ancient World, </marc:subfield>
         <marc:subfield code="c">Large Collection</marc:subfield>
         <marc:subfield code="e">15 East 84th St., </marc:subfield>
         <marc:subfield code="e">New York, NY  10028</marc:subfield>
      </marc:datafield>
   </record>