
  
  
  
  
  
 
  
  <record xsi:schemaLocation="http://www.loc.gov/MARC21/slim http://www.loc.gov/standards/marcxml/schema/MARC21slim.xsd">
      <leader>00000nam a22      i 4500</leader>
      <controlfield tag="FMT">BK</controlfield>
      <controlfield tag="LDR">00000nam a22      i 4500</controlfield>
      <controlfield tag="001">004217239</controlfield>
      <controlfield tag="005">20151215103600.0</controlfield>
      <controlfield tag="008">151215s1902    fr af         000 0 fre d</controlfield>
      <datafield tag="040" ind1=" " ind2=" ">
         <subfield code="a">NNU</subfield>
         <subfield code="b">eng</subfield>
         <subfield code="e">rda</subfield>
         <subfield code="c">NNU</subfield>
      </datafield>
      <datafield tag="041" ind1=" " ind2=" ">
         <subfield code="a">fre</subfield>
         <subfield code="a">akk</subfield>
         <subfield code="a">elx</subfield>
         <subfield code="h">akk</subfield>
         <subfield code="h">elx</subfield>
      </datafield>
      <datafield tag="043" ind1=" " ind2=" ">
         <subfield code="a">a-ir---</subfield>
      </datafield>
      <datafield tag="050" ind1=" " ind2="4">
         <subfield code="a">DS261</subfield>
         <subfield code="b">.F8 t.4 1902</subfield>
      </datafield>
      <datafield tag="100" ind1="1" ind2=" ">
         <subfield code="a">Scheil, Vincent,</subfield>
         <subfield code="d">1850-1940.</subfield>
      </datafield>
      <datafield tag="245" ind1="1" ind2="0">
         <subfield code="a">Textes élamites-sémitiques.</subfield>
         <subfield code="n">Deuxième série /</subfield>
         <subfield code="c">par V. Scheil.</subfield>
      </datafield>
      <datafield tag="264" ind1=" " ind2="1">
         <subfield code="a">Paris :</subfield>
         <subfield code="b">Ernest Leroux, Éditeur,</subfield>
         <subfield code="c">1902.</subfield>
      </datafield>
      <datafield tag="300" ind1=" " ind2=" ">
         <subfield code="a">200 pages, 20 leaves of plates :</subfield>
         <subfield code="b">black-and-white illustrations ;</subfield>
         <subfield code="c">33 cm.</subfield>
      </datafield>
      <datafield tag="336" ind1=" " ind2=" ">
         <subfield code="a">text</subfield>
         <subfield code="b">txt</subfield>
         <subfield code="2">rdacontent</subfield>
      </datafield>
      <datafield tag="336" ind1=" " ind2=" ">
         <subfield code="a">still image</subfield>
         <subfield code="b">sti</subfield>
         <subfield code="2">rdacontent</subfield>
      </datafield>
      <datafield tag="337" ind1=" " ind2=" ">
         <subfield code="a">unmediated</subfield>
         <subfield code="b">n</subfield>
         <subfield code="2">rdamedia</subfield>
      </datafield>
      <datafield tag="338" ind1=" " ind2=" ">
         <subfield code="a">volume</subfield>
         <subfield code="b">nc</subfield>
         <subfield code="2">rdacarrier</subfield>
      </datafield>
      <datafield tag="490" ind1="1" ind2=" ">
         <subfield code="a">Délégation en Perse. Mémoires ;</subfield>
         <subfield code="v">tome IV</subfield>
      </datafield>
      <datafield tag="500" ind1=" " ind2=" ">
         <subfield code="a">"Code des lois (droit privé) de Hammurabi, Roi de Babylone vers l'an 2000 avant Jésus-Christ"--pages [11]-162.</subfield>
      </datafield>
      <datafield tag="546" ind1=" " ind2=" ">
         <subfield code="a">Texts in romanized Akkadian or Elamite with parallel French translation; plates in cuneiform Akkadian or Elamite.</subfield>
      </datafield>
      <datafield tag="630" ind1="0" ind2="0">
         <subfield code="a">Code of Hammurabi.</subfield>
      </datafield>
      <datafield tag="650" ind1=" " ind2="0">
         <subfield code="a">Cuneiform inscriptions, Akkadian</subfield>
         <subfield code="z">Iran</subfield>
         <subfield code="z">Susa (Extinct city)</subfield>
      </datafield>
      <datafield tag="650" ind1=" " ind2="0">
         <subfield code="a">Cuneiform tablets</subfield>
         <subfield code="z">Iran</subfield>
         <subfield code="z">Susa (Extinct city)</subfield>
      </datafield>
      <datafield tag="650" ind1=" " ind2="0">
         <subfield code="a">Akkadian language</subfield>
         <subfield code="v">Texts.</subfield>
      </datafield>
      <datafield tag="650" ind1=" " ind2="0">
         <subfield code="a">Elamite language</subfield>
         <subfield code="v">Texts.</subfield>
      </datafield>
      <datafield tag="650" ind1=" " ind2="0">
         <subfield code="a">Law, Assyro-Babylonian</subfield>
         <subfield code="v">Sources.</subfield>
      </datafield>
      <datafield tag="651" ind1=" " ind2="0">
         <subfield code="a">Susa (Extinct city)</subfield>
      </datafield>
      <datafield tag="651" ind1=" " ind2="0">
         <subfield code="a">Excavations (Archaeology)</subfield>
         <subfield code="z">Iran</subfield>
         <subfield code="z">Susa (Extinct city)</subfield>
      </datafield>
      <datafield tag="700" ind1="0" ind2=" ">
         <subfield code="a">Hammurabi,</subfield>
         <subfield code="c">King of Babylonia.</subfield>
      </datafield>
      <datafield tag="730" ind1="0" ind2="2">
         <subfield code="a">Code of Hammurabi</subfield>
         <subfield code="l">Akkadian &amp; French.</subfield>
         <subfield code="f">1902.</subfield>
      </datafield>
      <datafield tag="830" ind1=" " ind2="0">
         <subfield code="a">Mémoires de la Mission archéologique en Iran ;</subfield>
         <subfield code="v">t. 4.</subfield>
      </datafield>
      <datafield tag="OWN" ind1=" " ind2=" ">
         <subfield code="a">GENERAL</subfield>
      </datafield>
      <datafield tag="AVA" ind1=" " ind2=" ">
         <subfield code="a">NYU50</subfield>
         <subfield code="b">NISAW</subfield>
         <subfield code="c">Antiquarian Collection</subfield>
         <subfield code="d">DS261 .F8 t.4 1902</subfield>
         <subfield code="e">available</subfield>
         <subfield code="t">Available</subfield>
         <subfield code="f">1</subfield>
         <subfield code="g">0</subfield>
         <subfield code="h">N</subfield>
         <subfield code="i">0</subfield>
         <subfield code="j">ANT2</subfield>
         <subfield code="k">0</subfield>
      </datafield>
      <marc:datafield tag="852" ind1=" " ind2=" ">
         <marc:subfield code="b">Institute for the Study of the Ancient World, </marc:subfield>
         <marc:subfield code="c">Antiquarian Collection</marc:subfield>
         <marc:subfield code="e">15 East 84th St., </marc:subfield>
         <marc:subfield code="e">New York, NY  10028</marc:subfield>
      </marc:datafield>
   </record>