
  
  
  
  
 
  
  <record xsi:schemaLocation="http://www.loc.gov/MARC21/slim http://www.loc.gov/standards/marcxml/schema/MARC21slim.xsd">
      <leader>00000cam a22006734a 4500</leader>
      <controlfield tag="FMT">BK</controlfield>
      <controlfield tag="LDR">00000cam a22006734a 4500</controlfield>
      <controlfield tag="001">004217875</controlfield>
      <controlfield tag="003">OCoLC</controlfield>
      <controlfield tag="005">20151221092925.0</controlfield>
      <controlfield tag="008">151217s2005    ru abc   b    110 0 rusoc</controlfield>
      <datafield tag="010" ind1=" " ind2=" ">
         <subfield code="a">2008368794</subfield>
      </datafield>
      <datafield tag="020" ind1=" " ind2=" ">
         <subfield code="a">5751119193</subfield>
      </datafield>
      <datafield tag="020" ind1=" " ind2=" ">
         <subfield code="a">9785751119195</subfield>
      </datafield>
      <datafield tag="035" ind1=" " ind2=" ">
         <subfield code="a">(OCoLC)145443810</subfield>
      </datafield>
      <datafield tag="040" ind1=" " ind2=" ">
         <subfield code="a">YUS</subfield>
         <subfield code="b">eng</subfield>
         <subfield code="c">YUS</subfield>
         <subfield code="d">DLC</subfield>
         <subfield code="d">OCLCG</subfield>
         <subfield code="d">OCLCF</subfield>
         <subfield code="d">OCLCO</subfield>
         <subfield code="d">OCLCQ</subfield>
         <subfield code="d">OCL</subfield>
         <subfield code="d">OCLCO</subfield>
         <subfield code="d">NNU</subfield>
      </datafield>
      <datafield tag="042" ind1=" " ind2=" ">
         <subfield code="a">pcc</subfield>
      </datafield>
      <datafield tag="043" ind1=" " ind2=" ">
         <subfield code="a">e-urw--</subfield>
      </datafield>
      <datafield tag="050" ind1="0" ind2="0">
         <subfield code="a">DK771.W47</subfield>
         <subfield code="b">Z373 2005</subfield>
      </datafield>
      <datafield tag="066" ind1=" " ind2=" ">
         <subfield code="c">(N</subfield>
      </datafield>
      <datafield tag="111" ind1="2" ind2=" ">
         <subfield code="6">880-01</subfield>
         <subfield code="a">Zapadno-Sibirskai͡a arkheologo-ėtnograficheskai͡a konferent͡sii͡a</subfield>
         <subfield code="n">(13th :</subfield>
         <subfield code="d">2005 :</subfield>
         <subfield code="c">Tomsk, Russia)</subfield>
      </datafield>
      <datafield tag="245" ind1="1" ind2="0">
         <subfield code="6">880-02</subfield>
         <subfield code="a">Problemy istoriko-kulʹturnogo razvitii͡a drevnikh i tradit͡sionnykh obshchestv Zapadnoĭ Sibiri i sopredelʹnykh territoriĭ :</subfield>
         <subfield code="b">materialy XIII Zapadno-Sibirskoĭ arkheologo-ėtnograficheskoĭ konferent͡sii /</subfield>
         <subfield code="c">[redakt͡sionnai͡a kollegii͡a M.F. Kosarev ... L.A. Chindina (otv. red.)].</subfield>
      </datafield>
      <datafield tag="260" ind1=" " ind2=" ">
         <subfield code="6">880-03</subfield>
         <subfield code="a">Tomsk :</subfield>
         <subfield code="b">Tomskiĭ gos. universitet,</subfield>
         <subfield code="c">2005.</subfield>
      </datafield>
      <datafield tag="300" ind1=" " ind2=" ">
         <subfield code="a">388 pages :</subfield>
         <subfield code="b">illustrations, maps, portrait ;</subfield>
         <subfield code="c">29 cm</subfield>
      </datafield>
      <datafield tag="336" ind1=" " ind2=" ">
         <subfield code="a">text</subfield>
         <subfield code="b">txt</subfield>
         <subfield code="2">rdacontent</subfield>
      </datafield>
      <datafield tag="337" ind1=" " ind2=" ">
         <subfield code="a">unmediated</subfield>
         <subfield code="b">n</subfield>
         <subfield code="2">rdamedia</subfield>
      </datafield>
      <datafield tag="338" ind1=" " ind2=" ">
         <subfield code="a">volume</subfield>
         <subfield code="b">nc</subfield>
         <subfield code="2">rdacarrier</subfield>
      </datafield>
      <datafield tag="500" ind1=" " ind2=" ">
         <subfield code="6">880-04</subfield>
         <subfield code="a">"K 100-letii͡u so dni͡a rozhdenii͡a V.N. Chernet͡sova."</subfield>
      </datafield>
      <datafield tag="500" ind1=" " ind2=" ">
         <subfield code="6">880-05</subfield>
         <subfield code="a">At head of title: Federalʹnoe agentstvo po obrazovanii͡u Rossiĭskoĭ Federat͡sii. Tomskiĭ gosudarstvennyĭ universitet.</subfield>
      </datafield>
      <datafield tag="504" ind1=" " ind2=" ">
         <subfield code="a">Includes bibliographical references (pages 352-380).</subfield>
      </datafield>
      <datafield tag="500" ind1=" " ind2=" ">
         <subfield code="6">880-06</subfield>
         <subfield code="a">"Nauchnoe izdanie"--Colophon.</subfield>
      </datafield>
      <datafield tag="505" ind1="0" ind2=" ">
         <subfield code="a">Nasledie V.N. Chernet͡sova: vchera i segodni͡a -- Metodologii͡a i metodika istoriko-kulʹturnykh rekonstrukt͡siĭ -- Kulʹturogenez. Komponenty kulʹtury -- Ëtnogenez i ëticheskiai͡a istorii͡a -- Iskusstro. Verovanii͡a. Obri͡ady. Ritualy.</subfield>
      </datafield>
      <datafield tag="600" ind1="1" ind2="0">
         <subfield code="6">880-07</subfield>
         <subfield code="a">Chernet͡sov, V. N.</subfield>
         <subfield code="q">(Valeriĭ Nikolaevich),</subfield>
         <subfield code="d">1905-1970.</subfield>
      </datafield>
      <datafield tag="650" ind1=" " ind2="0">
         <subfield code="a">Ethnology</subfield>
         <subfield code="z">Russia (Federation)</subfield>
         <subfield code="z">Siberia, Western</subfield>
         <subfield code="v">Congresses.</subfield>
      </datafield>
      <datafield tag="651" ind1=" " ind2="0">
         <subfield code="a">Siberia, Western (Russia)</subfield>
         <subfield code="x">Ethnic relations</subfield>
         <subfield code="v">Congresses.</subfield>
      </datafield>
      <datafield tag="651" ind1=" " ind2="0">
         <subfield code="a">Siberia, Western (Russia)</subfield>
         <subfield code="x">Civilization</subfield>
         <subfield code="v">Congresses.</subfield>
      </datafield>
      <datafield tag="700" ind1="1" ind2=" ">
         <subfield code="6">880-08</subfield>
         <subfield code="a">Chernet͡sov, V. N.</subfield>
         <subfield code="q">(Valeriĭ Nikolaevich),</subfield>
         <subfield code="d">1905-1970.</subfield>
      </datafield>
      <datafield tag="700" ind1="1" ind2=" ">
         <subfield code="6">880-09</subfield>
         <subfield code="a">Chindina, L. A.</subfield>
         <subfield code="q">(Li͡udmila Aleksandrovna)</subfield>
      </datafield>
      <datafield tag="700" ind1="1" ind2=" ">
         <subfield code="6">880-10</subfield>
         <subfield code="a">Kosarev, M. F.</subfield>
         <subfield code="q">(Mikhail Fedorovich)</subfield>
      </datafield>
      <datafield tag="710" ind1="1" ind2=" ">
         <subfield code="6">880-11</subfield>
         <subfield code="a">Russia (Federation).</subfield>
         <subfield code="b">Federalʹnoe agentstvo po obrazovanii͡u.</subfield>
      </datafield>
      <datafield tag="710" ind1="2" ind2=" ">
         <subfield code="6">880-12</subfield>
         <subfield code="a">Tomskiĭ gosudarstvennyĭ universitet.</subfield>
      </datafield>
      <datafield tag="880" ind1="2" ind2=" ">
         <subfield code="6">111-01/</subfield>
         <subfield code="a">Западно-Сибирская археолого-этнографическая конференция</subfield>
         <subfield code="n">(13th :</subfield>
         <subfield code="d">2005 :</subfield>
         <subfield code="c">Tomsk, Russia)</subfield>
      </datafield>
      <datafield tag="880" ind1="1" ind2="0">
         <subfield code="6">245-02/</subfield>
         <subfield code="a">Проблемы историко-культурного развития древних и традиционных обществ Западной Сибири и сопредельных территорий :</subfield>
         <subfield code="b">материалы ХИИИ Западно-Сибирской археолого-этнографической конференции /</subfield>
         <subfield code="c">[редакционная коллегия М.Ф. Косарев ... Л.А. Чиндина (отв. ред.)].</subfield>
      </datafield>
      <datafield tag="880" ind1=" " ind2=" ">
         <subfield code="6">260-03/</subfield>
         <subfield code="a">Томск :</subfield>
         <subfield code="b">Томский гос. университет,</subfield>
         <subfield code="c">2005.</subfield>
      </datafield>
      <datafield tag="880" ind1=" " ind2=" ">
         <subfield code="6">500-04/</subfield>
         <subfield code="a">"К 100-летию со дня рождения В.Н. Чернецова."</subfield>
      </datafield>
      <datafield tag="880" ind1=" " ind2=" ">
         <subfield code="6">500-05/</subfield>
         <subfield code="a">At head of title: Федеральное агентство по образованию Российской Федерации. Томский государственный университет.</subfield>
      </datafield>
      <datafield tag="880" ind1=" " ind2=" ">
         <subfield code="6">500-06/</subfield>
         <subfield code="a">"Научное издание"--Colophon.</subfield>
      </datafield>
      <datafield tag="880" ind1="1" ind2="4">
         <subfield code="6">600-07/</subfield>
         <subfield code="a">Чернецов, В. Н.</subfield>
         <subfield code="q">(Валерий Николаевич),</subfield>
         <subfield code="d">1905-1970.</subfield>
      </datafield>
      <datafield tag="880" ind1="1" ind2=" ">
         <subfield code="6">700-08/</subfield>
         <subfield code="a">Чернецов, В. Н.</subfield>
         <subfield code="q">(Валерий Николаевич),</subfield>
         <subfield code="d">1905-1970.</subfield>
      </datafield>
      <datafield tag="880" ind1="1" ind2=" ">
         <subfield code="6">700-09/</subfield>
         <subfield code="a">Чиндина, Л. А.</subfield>
         <subfield code="q">(Людмила Александровна)</subfield>
      </datafield>
      <datafield tag="880" ind1="1" ind2=" ">
         <subfield code="6">700-10/</subfield>
         <subfield code="a">Косарев, М. Ф.</subfield>
         <subfield code="q">(Михаил Федорович)</subfield>
      </datafield>
      <datafield tag="880" ind1="1" ind2=" ">
         <subfield code="6">710-11/</subfield>
         <subfield code="a">Russia (Federation).</subfield>
         <subfield code="b">Федеральное агентство по образованию.</subfield>
      </datafield>
      <datafield tag="880" ind1="2" ind2=" ">
         <subfield code="6">710-12/</subfield>
         <subfield code="a">Томский государственный университет.</subfield>
      </datafield>
      <datafield tag="994" ind1=" " ind2=" ">
         <subfield code="a">Z0</subfield>
         <subfield code="b">ZYU</subfield>
      </datafield>
      <datafield tag="OWN" ind1=" " ind2=" ">
         <subfield code="a">GENERAL</subfield>
      </datafield>
      <datafield tag="AVA" ind1=" " ind2=" ">
         <subfield code="a">NYU50</subfield>
         <subfield code="b">NISAW</subfield>
         <subfield code="c">Large Collection</subfield>
         <subfield code="d">DK771.W47 Z373 2005</subfield>
         <subfield code="e">available</subfield>
         <subfield code="t">Available</subfield>
         <subfield code="f">1</subfield>
         <subfield code="g">0</subfield>
         <subfield code="h">N</subfield>
         <subfield code="i">0</subfield>
         <subfield code="j">LARGE</subfield>
         <subfield code="k">0</subfield>
      </datafield>
      <marc:datafield tag="852" ind1=" " ind2=" ">
         <marc:subfield code="b">Institute for the Study of the Ancient World, </marc:subfield>
         <marc:subfield code="c">Large Collection</marc:subfield>
         <marc:subfield code="e">15 East 84th St., </marc:subfield>
         <marc:subfield code="e">New York, NY  10028</marc:subfield>
      </marc:datafield>
   </record>