
  
  
  
  
  
  
  
  
 
  
  <record xsi:schemaLocation="http://www.loc.gov/MARC21/slim http://www.loc.gov/standards/marcxml/schema/MARC21slim.xsd">
      <leader>00000cam a2200385 a 4500</leader>
      <controlfield tag="FMT">BK</controlfield>
      <controlfield tag="LDR">00000cam a2200385 a 4500</controlfield>
      <controlfield tag="001">001795860</controlfield>
      <controlfield tag="003">OCoLC</controlfield>
      <controlfield tag="005">20151217113204.0</controlfield>
      <controlfield tag="008">890516m19889999it       b    000 0 ita d</controlfield>
      <datafield tag="035" ind1=" " ind2=" ">
         <subfield code="a">(OCoLC)19716269</subfield>
      </datafield>
      <datafield tag="040" ind1=" " ind2=" ">
         <subfield code="a">AZU</subfield>
         <subfield code="b">eng</subfield>
         <subfield code="c">AZU</subfield>
         <subfield code="d">ZCU</subfield>
         <subfield code="d">OCLCQ</subfield>
         <subfield code="d">OCLCF</subfield>
         <subfield code="d">OCLCQ</subfield>
         <subfield code="d">OCLCO</subfield>
         <subfield code="d">NNU</subfield>
      </datafield>
      <datafield tag="041" ind1="1" ind2=" ">
         <subfield code="a">ita</subfield>
         <subfield code="a">sem</subfield>
         <subfield code="h">sem</subfield>
      </datafield>
      <datafield tag="043" ind1=" " ind2=" ">
         <subfield code="a">a-sy---</subfield>
      </datafield>
      <datafield tag="050" ind1=" " ind2="4">
         <subfield code="a">PJ4147</subfield>
         <subfield code="b">.M57 1988</subfield>
      </datafield>
      <datafield tag="090" ind1=" " ind2=" ">
         <subfield code="i">01/24/92 CT</subfield>
         <subfield code="h">08/23/89 CT</subfield>
      </datafield>
      <datafield tag="245" ind1="0" ind2="0">
         <subfield code="a">Miscellanea eblaitica /</subfield>
         <subfield code="c">a cura di Pelio Fronzaroli.</subfield>
      </datafield>
      <datafield tag="260" ind1=" " ind2=" ">
         <subfield code="a">Firenze :</subfield>
         <subfield code="b">Università di Firenze, Dipartimento di Linguistica,</subfield>
         <subfield code="c">1988-</subfield>
      </datafield>
      <datafield tag="300" ind1=" " ind2=" ">
         <subfield code="a">volumes ;</subfield>
         <subfield code="c">24 cm.</subfield>
      </datafield>
      <datafield tag="336" ind1=" " ind2=" ">
         <subfield code="a">text</subfield>
         <subfield code="b">txt</subfield>
         <subfield code="2">rdacontent</subfield>
      </datafield>
      <datafield tag="337" ind1=" " ind2=" ">
         <subfield code="a">unmediated</subfield>
         <subfield code="b">n</subfield>
         <subfield code="2">rdamedia</subfield>
      </datafield>
      <datafield tag="338" ind1=" " ind2=" ">
         <subfield code="a">volume</subfield>
         <subfield code="b">nc</subfield>
         <subfield code="2">rdacarrier</subfield>
      </datafield>
      <datafield tag="490" ind1="1" ind2=" ">
         <subfield code="a">Quaderni di semitistica ;</subfield>
         <subfield code="v">15-17, 19</subfield>
      </datafield>
      <datafield tag="504" ind1=" " ind2=" ">
         <subfield code="a">Includes bibliographical references.</subfield>
      </datafield>
      <datafield tag="530" ind1=" " ind2=" ">
         <subfield code="a">Also issued online.</subfield>
      </datafield>
      <datafield tag="505" ind1="0" ind2="0">
         <subfield code="g">v. 1-2.</subfield>
         <subfield code="t">[without special title] --</subfield>
         <subfield code="g">v. 3.</subfield>
         <subfield code="t">Sillabario della quarta fonte della lista lessicale bilingue Eblaita /</subfield>
         <subfield code="r">Giovanni Conti. --</subfield>
         <subfield code="g">4.</subfield>
         <subfield code="t">[without special title] /</subfield>
         <subfield code="r">a cura di Pelio Fronzaroli.</subfield>
         <subfield code="t">Divinazione a Ebla (TM.76.G.86) /</subfield>
         <subfield code="r">P. Fronzaroli --</subfield>
         <subfield code="t">Carri ed equipaggi nei testi di Ebla /</subfield>
         <subfield code="r">G. Conti --</subfield>
         <subfield code="t">Il sistema preposizionale nei tre testi del rituale di ARET XI : analogie e divergenze /</subfield>
         <subfield code="r">M.V. Tonietti --</subfield>
         <subfield code="t">Sul lessico dei giuramenti a Ebla: nam-ku5 /</subfield>
         <subfield code="r">A. Catagnoti --</subfield>
         <subfield code="t">Su LAK-39 e LAK-40 nei testi di Ebla /</subfield>
         <subfield code="r">M. Bonechi --</subfield>
         <subfield code="t">L'onomastica del Palazzo a Ebla : confronti sincronici e diacronici /</subfield>
         <subfield code="r">P. Mangiarotti --</subfield>
         <subfield code="t">La terminologia semitica dei tessili nei testi di Ebla /</subfield>
         <subfield code="r">J. Pasquali.</subfield>
      </datafield>
      <datafield tag="546" ind1=" " ind2=" ">
         <subfield code="a">Italian; includes texts in romanized Eblaite with Italian translation.</subfield>
      </datafield>
      <datafield tag="630" ind1="0" ind2="0">
         <subfield code="a">Ebla tablets.</subfield>
      </datafield>
      <datafield tag="650" ind1=" " ind2="0">
         <subfield code="a">Eblaite language.</subfield>
      </datafield>
      <datafield tag="650" ind1=" " ind2="0">
         <subfield code="a">Semitic philology.</subfield>
      </datafield>
      <datafield tag="651" ind1=" " ind2="0">
         <subfield code="a">Ebla (Extinct city)</subfield>
      </datafield>
      <datafield tag="650" ind1=" " ind2="7">
         <subfield code="a">Eblaite language.</subfield>
         <subfield code="2">fast</subfield>
         <subfield code="0">(OCoLC)fst00901249</subfield>
      </datafield>
      <datafield tag="650" ind1=" " ind2="7">
         <subfield code="a">Semitic philology.</subfield>
         <subfield code="2">fast</subfield>
         <subfield code="0">(OCoLC)fst01112420</subfield>
      </datafield>
      <datafield tag="700" ind1="1" ind2=" ">
         <subfield code="a">Fronzaroli, Pelio.</subfield>
      </datafield>
      <datafield tag="700" ind1="1" ind2="2">
         <subfield code="a">Conti, Giovanni.</subfield>
         <subfield code="t">Sillabario della quarta fonte della lista lessicale bilingue Eblaita.</subfield>
      </datafield>
      <datafield tag="710" ind1="2" ind2=" ">
         <subfield code="a">Università di Firenze.</subfield>
         <subfield code="b">Dipartimento di linguistica.</subfield>
      </datafield>
      <datafield tag="776" ind1="0" ind2="8">
         <subfield code="i">Online version:</subfield>
         <subfield code="t">Miscellanea eblaitica.</subfield>
         <subfield code="d">Firenze : Università di Firenze, Dipartimento di Linguistica, 1988-</subfield>
         <subfield code="w">(OCoLC)581667287</subfield>
      </datafield>
      <datafield tag="830" ind1=" " ind2="0">
         <subfield code="a">Quaderni di semitistica ;</subfield>
         <subfield code="v">15-17, 19.</subfield>
      </datafield>
      <datafield tag="OWN" ind1=" " ind2=" ">
         <subfield code="a">GENERAL</subfield>
      </datafield>
      <datafield tag="950" ind1=" " ind2=" ">
         <subfield code="l">BMAIN</subfield>
         <subfield code="a">PJ4147</subfield>
         <subfield code="b">.M5711 1988</subfield>
         <subfield code="n">455:sl\Unanalyzed\</subfield>
         <subfield code="i">01/24/92 C</subfield>
         <subfield code="h">08/23/89 C</subfield>
      </datafield>
      <datafield tag="955" ind1=" " ind2=" ">
         <subfield code="l">BMAIN</subfield>
         <subfield code="c">1:v.1</subfield>
         <subfield code="q">89-B16294-1</subfield>
         <subfield code="r">014638681</subfield>
         <subfield code="h">08/23/89 C</subfield>
      </datafield>
      <datafield tag="955" ind1=" " ind2=" ">
         <subfield code="l">BMAIN</subfield>
         <subfield code="c">1:v.3</subfield>
         <subfield code="q">89-B16294-2</subfield>
         <subfield code="r">016000500</subfield>
         <subfield code="i">01/24/92 C</subfield>
      </datafield>
      <datafield tag="955" ind1=" " ind2=" ">
         <subfield code="l">BMAIN</subfield>
         <subfield code="c">1:v.2</subfield>
         <subfield code="q">89-B16294-2</subfield>
         <subfield code="r">016000492</subfield>
         <subfield code="i">01/24/92 C</subfield>
      </datafield>
      <datafield tag="998" ind1=" " ind2=" ">
         <subfield code="a">01/24/92</subfield>
         <subfield code="t">b</subfield>
         <subfield code="s">9114</subfield>
         <subfield code="n">NNU</subfield>
         <subfield code="w">NYUG89B16294</subfield>
         <subfield code="d">05/11/89</subfield>
         <subfield code="b">JR</subfield>
         <subfield code="i">920124</subfield>
         <subfield code="h">890823</subfield>
         <subfield code="l">NYUG</subfield>
      </datafield>
      <datafield tag="AVA" ind1=" " ind2=" ">
         <subfield code="a">NYU50</subfield>
         <subfield code="b">BOBST</subfield>
         <subfield code="c">Main Collection</subfield>
         <subfield code="d">PJ4147 .M5711 1988</subfield>
         <subfield code="e">available</subfield>
         <subfield code="t">Available</subfield>
         <subfield code="f">3</subfield>
         <subfield code="g">0</subfield>
         <subfield code="h">Y</subfield>
         <subfield code="i">0</subfield>
         <subfield code="j">MAIN</subfield>
         <subfield code="k">0</subfield>
      </datafield>
      <datafield tag="AVA" ind1=" " ind2=" ">
         <subfield code="a">NYU50</subfield>
         <subfield code="b">NISAW</subfield>
         <subfield code="c">Small Collection</subfield>
         <subfield code="d">PJ4147 .M57 1988</subfield>
         <subfield code="e">available</subfield>
         <subfield code="t">Available</subfield>
         <subfield code="f">2</subfield>
         <subfield code="g">0</subfield>
         <subfield code="h">Y</subfield>
         <subfield code="i">0</subfield>
         <subfield code="j">SMALL</subfield>
      </datafield>
      <marc:datafield tag="852" ind1=" " ind2=" ">
         <marc:subfield code="b">Institute for the Study of the Ancient World, </marc:subfield>
         <marc:subfield code="c">Small Collection</marc:subfield>
         <marc:subfield code="e">15 East 84th St., </marc:subfield>
         <marc:subfield code="e">New York, NY  10028</marc:subfield>
      </marc:datafield>
   </record>