
  
  
  
  
  
  
  
 
  
  <record xsi:schemaLocation="http://www.loc.gov/MARC21/slim http://www.loc.gov/standards/marcxml/schema/MARC21slim.xsd">
      <leader>00000cam a2200505 a 4500</leader>
      <controlfield tag="FMT">BK</controlfield>
      <controlfield tag="LDR">00000cam a2200505 a 4500</controlfield>
      <controlfield tag="001">004218325</controlfield>
      <controlfield tag="003">OCoLC</controlfield>
      <controlfield tag="005">20151218121738.0</controlfield>
      <controlfield tag="008">151218s1957    it ah    b    010 0 ita d</controlfield>
      <datafield tag="035" ind1=" " ind2=" ">
         <subfield code="a">(OCoLC)26506891</subfield>
         <subfield code="z">(OCoLC)219800500</subfield>
      </datafield>
      <datafield tag="040" ind1=" " ind2=" ">
         <subfield code="a">CLU</subfield>
         <subfield code="b">eng</subfield>
         <subfield code="c">CLU</subfield>
         <subfield code="d">YYP</subfield>
         <subfield code="d">OCL</subfield>
         <subfield code="d">OCLCQ</subfield>
         <subfield code="d">OCLCG</subfield>
         <subfield code="d">RBN</subfield>
         <subfield code="d">AU@</subfield>
         <subfield code="d">OCLCA</subfield>
         <subfield code="d">OCLCQ</subfield>
         <subfield code="d">OCLCO</subfield>
         <subfield code="d">OCLCF</subfield>
         <subfield code="d">NNU</subfield>
      </datafield>
      <datafield tag="041" ind1="0" ind2=" ">
         <subfield code="a">eng</subfield>
         <subfield code="a">fre</subfield>
         <subfield code="a">ger</subfield>
      </datafield>
      <datafield tag="043" ind1=" " ind2=" ">
         <subfield code="a">aw-----</subfield>
      </datafield>
      <datafield tag="050" ind1="1" ind2="4">
         <subfield code="a">DS42.4</subfield>
         <subfield code="b">.S37 1957</subfield>
      </datafield>
      <datafield tag="082" ind1="0" ind2="4">
         <subfield code="a">930.1</subfield>
         <subfield code="2">20</subfield>
      </datafield>
      <datafield tag="245" ind1="0" ind2="0">
         <subfield code="a">Scritti in onore di Giuseppe Furlani.</subfield>
      </datafield>
      <datafield tag="260" ind1=" " ind2=" ">
         <subfield code="a">Roma :</subfield>
         <subfield code="b">G. Bardi,</subfield>
         <subfield code="c">1957.</subfield>
      </datafield>
      <datafield tag="300" ind1=" " ind2=" ">
         <subfield code="a">2 v. (xliii, 768 p.) :</subfield>
         <subfield code="b">ill., facsims. ;</subfield>
         <subfield code="c">26 cm.</subfield>
      </datafield>
      <datafield tag="490" ind1="1" ind2=" ">
         <subfield code="a">Revista degli studi orientali ;</subfield>
         <subfield code="v">v. 32</subfield>
      </datafield>
      <datafield tag="500" ind1=" " ind2=" ">
         <subfield code="a">Issued in 2 parts.</subfield>
      </datafield>
      <datafield tag="504" ind1=" " ind2=" ">
         <subfield code="a">Includes bibliographical references.</subfield>
      </datafield>
      <datafield tag="505" ind1="0" ind2="0">
         <subfield code="g">pt. 1.</subfield>
         <subfield code="t">Dedica /</subfield>
         <subfield code="r">Levi Della Vida G. --</subfield>
         <subfield code="t">Comitato per le onoranze --</subfield>
         <subfield code="t">Aderenti alle onoranze --</subfield>
         <subfield code="t">Bibliografia degli scritti di Giuseppe Furlani /</subfield>
         <subfield code="r">Furlani S.</subfield>
         <subfield code="t">Assiriologia.</subfield>
         <subfield code="t">Le "pesant d’or" /</subfield>
         <subfield code="r">Cassin E. --</subfield>
         <subfield code="t">Inno alla dea Inanna e a Išmedagan /</subfield>
         <subfield code="r">Castellino G. R. --</subfield>
         <subfield code="t">Sumer : LAL-Ì "Soll", DIRIG(-Ì) "Haben" /</subfield>
         <subfield code="r">Christian V. --</subfield>
         <subfield code="t">Kengen, pays de Canaan /</subfield>
         <subfield code="r">Dossin G. --</subfield>
         <subfield code="t">Aramaic names in Accadian texts /</subfield>
         <subfield code="r">Driver G.R. --</subfield>
         <subfield code="t">Ein Deutungsversuch eines altbabylonischen Textes /</subfield>
         <subfield code="r">Ebeling E. --</subfield>
         <subfield code="t">"Deuxième bureau" et information diplomatique dans l’Assyrie des Sargonides : quelques notes /</subfield>
         <subfield code="r">Follet R. --</subfield>
         <subfield code="t">Old Akkadian stone tablet from Sippar /</subfield>
         <subfield code="r">Gelb I.J. --</subfield>
         <subfield code="t">Hymn to the Ekur /</subfield>
         <subfield code="r">Kramer S.N. --</subfield>
         <subfield code="t">Eine Besonderheit der älteren akkadischen Orthographie /</subfield>
         <subfield code="r">Kraus F.R. --</subfield>
         <subfield code="t">Remèdes assyriens contre les affections de l’oreille, d’après un inédit du Louvre (AO. 6774) /</subfield>
         <subfield code="r">Labat R. --</subfield>
         <subfield code="t">Le quartier Lagash /</subfield>
         <subfield code="r">Lambert M. --</subfield>
         <subfield code="t">Assyria and Israel /</subfield>
         <subfield code="r">Pfeiffer R.H. --</subfield>
         <subfield code="t">Yarim-Lim of Yamḫad /</subfield>
         <subfield code="r">Smith S. --</subfield>
         <subfield code="t">Ein Hauskalender aus dem alten Babylonien /</subfield>
         <subfield code="r">Weidner E.</subfield>
         <subfield code="t">Hittitologia.</subfield>
         <subfield code="t">K-H Ḫumant-, luw. Tanima-, H-H Danima- "Jeder, Ganz, All" /</subfield>
         <subfield code="r">Bossert H.Th. --</subfield>
         <subfield code="t">Quelques signes curieux néo-hittites /</subfield>
         <subfield code="r">Del Medico H.E. --</subfield>
         <subfield code="t">Ein hethitisches Gebet an die Sonnengöttin der Erde /</subfield>
         <subfield code="r">Freidrich J. --</subfield>
         <subfield code="t">Le iscrizioni in eteo geroglifico del Tabal /</subfield>
         <subfield code="r">Meriggi P. --</subfield>
         <subfield code="t">Una statuetta hittita /</subfield>
         <subfield code="r">Serventi A.T.</subfield>
         <subfield code="t">Egittologia.</subfield>
         <subfield code="t">Sobek signore della Terra del lago (Il testo dei frammenti di parte del papiro geroglifico Amherst integrato con quello di un papiro ieratico da Tebtynis) (Tavv. I-II a-b) /</subfield>
         <subfield code="r">Botti G. --</subfield>
         <subfield code="t">Egypto-Semitica /</subfield>
         <subfield code="r">Gordon C.H. --</subfield>
         <subfield code="t">Neilos, Nilus, Baḥr en-Nīl, woher kommt die Bezeichnung "NIL" /</subfield>
         <subfield code="r">Vycichl W.</subfield>
      </datafield>
      <datafield tag="505" ind1="8" ind2="0">
         <subfield code="t">Ebraico, Ugaritico, Israele.</subfield>
         <subfield code="t">Sul testo di Deuteronomio, XXXII, 37-43 /</subfield>
         <subfield code="r">Artom E.S. --</subfield>
         <subfield code="t">Il rotolo dell’orante /</subfield>
         <subfield code="r">Cavalletti S. --</subfield>
         <subfield code="t">The origins of the Hebrew people /</subfield>
         <subfield code="r">Diringer D. --</subfield>
         <subfield code="t">Some notes on the imperative in the Semitic languages /</subfield>
         <subfield code="r">Martin, W.J. --</subfield>
         <subfield code="t">Terminologia cultuale israelitica /</subfield>
         <subfield code="r">Moraldi L. --</subfield>
         <subfield code="t">Plurali interni in ugaritico? /</subfield>
         <subfield code="r">Moscati S. --</subfield>
         <subfield code="t">L’ispirazione scritturale nel Talmud e negli scrittori ebrei medioevali /</subfield>
         <subfield code="r">Ravenna A. --</subfield>
         <subfield code="t">Il libro di Ruth /</subfield>
         <subfield code="r">Sierra S. --</subfield>
         <subfield code="t">Il signifcatio di [rd] e [rtt] in Osea 12,1 e 13,1 /</subfield>
         <subfield code="r">Zolli, E.</subfield>
         <subfield code="t">Etiopico, Aramaico, Siriaco, Mandeo.</subfield>
         <subfield code="t">Il codice della StaatsBibliothek di Berlino del Libro etiopico dei Miracoli di Maria /</subfield>
         <subfield code="r">Cerulli E. --</subfield>
         <subfield code="t">Zidqa and kana ḏzidqa /</subfield>
         <subfield code="r">Drower E.S. --</subfield>
         <subfield code="t">Un ostracon araméen inédit d’Eléphantine (Collection Clermont-Ganneau no 186) /</subfield>
         <subfield code="r">Dupont-Sommer A. --</subfield>
         <subfield code="t">Ein syrisches Ostrakon aus dem V. Jahrhundert /</subfield>
         <subfield code="r">Kamil Murad --</subfield>
         <subfield code="t">Abramo di Nathpar /</subfield>
         <subfield code="r">Penna A. --</subfield>
         <subfield code="t">Le sezioni evangeliche di Eusebio e il Diatessaron di Taziano nella letteratura siriaca /</subfield>
         <subfield code="r">Vaccari A.S.J.</subfield>
      </datafield>
      <datafield tag="505" ind1="8" ind2="0">
         <subfield code="g">Pt. 2.</subfield>
         <subfield code="t">Arabo, Sabeo, Islam.</subfield>
         <subfield code="t">Due citazioni del Corano nel Dēnkart /</subfield>
         <subfield code="r">Bausani A. --</subfield>
         <subfield code="t">"Al-Muhaymin," un des plus beaux noms d’Allāh /</subfield>
         <subfield code="r">Boneschi P. --</subfield>
         <subfield code="t">La Risāla di al-Ǵāḥiẓ sui turchi /</subfield>
         <subfield code="r">Gabrieli F. --</subfield>
         <subfield code="t">Ein Knigge für Sufi’s /</subfield>
         <subfield code="r">Meier F. --</subfield>
         <subfield code="t">Muhammed’s clandestine ’Umra in the Ḏu ’l-Qa’da 8 H. and Sūra 17,1 /</subfield>
         <subfield code="r">Plessner M. --</subfield>
         <subfield code="t">Nuove fonti arabe per la storia dei musulmani di Sicilia /</subfield>
         <subfield code="r">Rizzitano U. --</subfield>
         <subfield code="t">Graffites sabéens relevés en Arabie sa’udite /</subfield>
         <subfield code="r">Ryckmans G.</subfield>
         <subfield code="t">Filosofia Siriaca e Latina Cristiana.</subfield>
         <subfield code="t">Il testo dei Primi Analitici d’Aristotele : le tradizioni antiche siriaca e latina /</subfield>
         <subfield code="r">Minio-Paluello L. --</subfield>
         <subfield code="t">San Tommaso d’Aquino ed Averroè /</subfield>
         <subfield code="r">Vansteenkiste C.</subfield>
         <subfield code="t">Yezidi.</subfield>
         <subfield code="t">Un romanzo turco moderno sui Yezidi /</subfield>
         <subfield code="r">Rossi E.</subfield>
         <subfield code="t">Diritti Orientali.</subfield>
         <subfield code="t">Il Ḫiyār aš-Šarṭ nel Aṣl di Šaibānī /</subfield>
         <subfield code="r">D'Emilia A. --</subfield>
         <subfield code="t">Ein Fāṭimidenerlass vom Jahre 415 A. H. (1024 A.D.) im Koptischen Museum in Alt-Kairo /</subfield>
         <subfield code="r">Grohmann A. --</subfield>
         <subfield code="t">Sulla diseredazione secondo le fonti accadiche di Ugarit /</subfield>
         <subfield code="r">Klíma J. --</subfield>
         <subfield code="t">Some aspects of theft and robbery in Old-Babylonian documents /</subfield>
         <subfield code="r">Leemans W.F. --</subfield>
         <subfield code="t">Le cautionnement dans le contrat de louage de en droit babylonien (F 19 et M 57) /</subfield>
         <subfield code="r">Szlechter E. --</subfield>
         <subfield code="t">Le affrancazioni di schiavi nei documenti aramaici del V secolo a.C. /</subfield>
         <subfield code="r">Volterra E.</subfield>
         <subfield code="t">Argomenti Varii.</subfield>
         <subfield code="t">Some remarks on the entelecheia of the religious phenomena /</subfield>
         <subfield code="r">Bleeker C.J. --</subfield>
         <subfield code="t">Nota ligustica /</subfield>
         <subfield code="r">Capovilla G. --</subfield>
         <subfield code="t">Remarques sur l’écriture ibéro-tartessienne /</subfield>
         <subfield code="r">Février J.G. --</subfield>
         <subfield code="t">The supra-personal process of sacrifice /</subfield>
         <subfield code="r">Heimann B. --</subfield>
         <subfield code="t">Il motivo del cannibalismo simulato /</subfield>
         <subfield code="r">Levi Della Vida G. --</subfield>
         <subfield code="t">Griechische Monogramme aus Syrien und aus Abessinien /</subfield>
         <subfield code="r">Littmann E. --</subfield>
         <subfield code="t">Anche nel 1704 Formosa era all’ordine del giorno /</subfield>
         <subfield code="r">Morpurgo E. --</subfield>
         <subfield code="t">Paḫri-Pagreus /</subfield>
         <subfield code="r">Pettazzoni R. --</subfield>
         <subfield code="t">Due comparazioni indo-latine /</subfield>
         <subfield code="r">Pisani V.</subfield>
      </datafield>
      <datafield tag="600" ind1="1" ind2="0">
         <subfield code="a">Furlani, Giuseppe,</subfield>
         <subfield code="d">1885-1962</subfield>
         <subfield code="v">Bibliography.</subfield>
      </datafield>
      <datafield tag="650" ind1=" " ind2="0">
         <subfield code="a">Egyptology.</subfield>
      </datafield>
      <datafield tag="650" ind1=" " ind2="0">
         <subfield code="a">Assyriology.</subfield>
      </datafield>
      <datafield tag="650" ind1=" " ind2="0">
         <subfield code="a">Oriental antiquities.</subfield>
      </datafield>
      <datafield tag="650" ind1=" " ind2="0">
         <subfield code="a">Semitic philology.</subfield>
      </datafield>
      <datafield tag="651" ind1=" " ind2="0">
         <subfield code="a">Middle East</subfield>
         <subfield code="x">Antiquities.</subfield>
      </datafield>
      <datafield tag="600" ind1="1" ind2="7">
         <subfield code="a">Furlani, Giuseppe,</subfield>
         <subfield code="d">1885-1962.</subfield>
         <subfield code="2">fast</subfield>
         <subfield code="0">(OCoLC)fst01798172</subfield>
      </datafield>
      <datafield tag="650" ind1=" " ind2="7">
         <subfield code="a">Antiquities.</subfield>
         <subfield code="2">fast</subfield>
         <subfield code="0">(OCoLC)fst00810745</subfield>
      </datafield>
      <datafield tag="650" ind1=" " ind2="7">
         <subfield code="a">Assyriology.</subfield>
         <subfield code="2">fast</subfield>
         <subfield code="0">(OCoLC)fst00819244</subfield>
      </datafield>
      <datafield tag="650" ind1=" " ind2="7">
         <subfield code="a">Egyptology.</subfield>
         <subfield code="2">fast</subfield>
         <subfield code="0">(OCoLC)fst00904000</subfield>
      </datafield>
      <datafield tag="650" ind1=" " ind2="7">
         <subfield code="a">Oriental antiquities.</subfield>
         <subfield code="2">fast</subfield>
         <subfield code="0">(OCoLC)fst01048078</subfield>
      </datafield>
      <datafield tag="651" ind1=" " ind2="7">
         <subfield code="a">Middle East.</subfield>
         <subfield code="2">fast</subfield>
         <subfield code="0">(OCoLC)fst01241586</subfield>
      </datafield>
      <datafield tag="655" ind1=" " ind2="7">
         <subfield code="a">Bibliography.</subfield>
         <subfield code="2">fast</subfield>
         <subfield code="0">(OCoLC)fst01423717</subfield>
      </datafield>
      <datafield tag="700" ind1="1" ind2=" ">
         <subfield code="a">Furlani, Giuseppe,</subfield>
         <subfield code="d">1885-1962,</subfield>
         <subfield code="e">honoree.</subfield>
      </datafield>
      <datafield tag="710" ind1="2" ind2=" ">
         <subfield code="a">Università di Roma.</subfield>
         <subfield code="b">Istituto di Studi Orientali.</subfield>
      </datafield>
      <datafield tag="830" ind1=" " ind2="0">
         <subfield code="a">Revista degli studi orientali ;</subfield>
         <subfield code="v">v. 32.</subfield>
      </datafield>
      <datafield tag="994" ind1=" " ind2=" ">
         <subfield code="a">Z0</subfield>
         <subfield code="b">ZYU</subfield>
      </datafield>
      <datafield tag="OWN" ind1=" " ind2=" ">
         <subfield code="a">GENERAL</subfield>
      </datafield>
      <datafield tag="AVA" ind1=" " ind2=" ">
         <subfield code="a">NYU50</subfield>
         <subfield code="b">NISAW</subfield>
         <subfield code="c">Small Collection</subfield>
         <subfield code="d">DS42.4 .S37 1957</subfield>
         <subfield code="e">available</subfield>
         <subfield code="t">Available</subfield>
         <subfield code="f">1</subfield>
         <subfield code="g">0</subfield>
         <subfield code="h">N</subfield>
         <subfield code="i">0</subfield>
         <subfield code="j">SMALL</subfield>
         <subfield code="k">0</subfield>
      </datafield>
      <marc:datafield tag="852" ind1=" " ind2=" ">
         <marc:subfield code="b">Institute for the Study of the Ancient World, </marc:subfield>
         <marc:subfield code="c">Small Collection</marc:subfield>
         <marc:subfield code="e">15 East 84th St., </marc:subfield>
         <marc:subfield code="e">New York, NY  10028</marc:subfield>
      </marc:datafield>
   </record>