
  
  
  
  
  
 
  
  <record xsi:schemaLocation="http://www.loc.gov/MARC21/slim http://www.loc.gov/standards/marcxml/schema/MARC21slim.xsd">
      <leader>00000cam a2200517 i 4500</leader>
      <controlfield tag="FMT">BK</controlfield>
      <controlfield tag="LDR">00000cam a2200517 i 4500</controlfield>
      <controlfield tag="001">004219022</controlfield>
      <controlfield tag="003">OCoLC</controlfield>
      <controlfield tag="005">20151221150948.0</controlfield>
      <controlfield tag="008">151221s1938    be ah    b    100 0 fre</controlfield>
      <datafield tag="010" ind1=" " ind2=" ">
         <subfield code="a">39025292</subfield>
      </datafield>
      <datafield tag="035" ind1=" " ind2=" ">
         <subfield code="a">(OCoLC)10840796</subfield>
      </datafield>
      <datafield tag="040" ind1=" " ind2=" ">
         <subfield code="a">DLC</subfield>
         <subfield code="b">eng</subfield>
         <subfield code="e">rda</subfield>
         <subfield code="c">DRB</subfield>
         <subfield code="d">HCH</subfield>
         <subfield code="d">OCL</subfield>
         <subfield code="d">CLU</subfield>
         <subfield code="d">UBY</subfield>
         <subfield code="d">OCLCQ</subfield>
         <subfield code="d">OCLCF</subfield>
         <subfield code="d">OCL</subfield>
         <subfield code="d">NNU</subfield>
      </datafield>
      <datafield tag="041" ind1="0" ind2=" ">
         <subfield code="a">fre</subfield>
         <subfield code="a">eng</subfield>
         <subfield code="a">ger</subfield>
         <subfield code="a">ita</subfield>
      </datafield>
      <datafield tag="043" ind1=" " ind2=" ">
         <subfield code="a">f-ua---</subfield>
      </datafield>
      <datafield tag="050" ind1="0" ind2="0">
         <subfield code="a">PA3339</subfield>
         <subfield code="b">.I5 1937a</subfield>
      </datafield>
      <datafield tag="082" ind1="0" ind2="4">
         <subfield code="a">481.7</subfield>
      </datafield>
      <datafield tag="111" ind1="2" ind2=" ">
         <subfield code="a">International Congress of Papyrology</subfield>
         <subfield code="n">(5th :</subfield>
         <subfield code="d">1937 :</subfield>
         <subfield code="c">Oxford, England)</subfield>
      </datafield>
      <datafield tag="245" ind1="1" ind2="0">
         <subfield code="a">Actes du Ve Congrès International de Papyrologie, Oxford, 30 août-3 septembre 1937.</subfield>
      </datafield>
      <datafield tag="264" ind1=" " ind2="1">
         <subfield code="a">Bruxelles :</subfield>
         <subfield code="b">Fondation égyptologique reine Élisabeth,</subfield>
         <subfield code="c">1938.</subfield>
      </datafield>
      <datafield tag="300" ind1=" " ind2=" ">
         <subfield code="a">xxix, 665 pages :</subfield>
         <subfield code="b">illustrations (chiefly facsimiles) ;</subfield>
         <subfield code="c">25 cm</subfield>
      </datafield>
      <datafield tag="336" ind1=" " ind2=" ">
         <subfield code="a">text</subfield>
         <subfield code="b">txt</subfield>
         <subfield code="2">rdacontent</subfield>
      </datafield>
      <datafield tag="337" ind1=" " ind2=" ">
         <subfield code="a">unmediated</subfield>
         <subfield code="b">n</subfield>
         <subfield code="2">rdamedia</subfield>
      </datafield>
      <datafield tag="338" ind1=" " ind2=" ">
         <subfield code="a">volume</subfield>
         <subfield code="b">nc</subfield>
         <subfield code="2">rdacarrier</subfield>
      </datafield>
      <datafield tag="546" ind1=" " ind2=" ">
         <subfield code="a">The contributions are in English, French, German or Italian.</subfield>
      </datafield>
      <datafield tag="504" ind1=" " ind2=" ">
         <subfield code="a">Includes bibliographical references.</subfield>
      </datafield>
      <datafield tag="505" ind1="0" ind2="0">
         <subfield code="t">Fifty years of papyrology /</subfield>
         <subfield code="r">Kenyon, Sir Frederic George --</subfield>
         <subfield code="t">The Adler papyri : the archive of a family at Pathyris, being a collection of Greek and Demotic papyri between 134 and 88 B.C. /</subfield>
         <subfield code="r">Adler, E.N. --</subfield>
         <subfield code="t">Greek and Latin words in the Coptic Manichaean papyri /</subfield>
         <subfield code="r">Allberry, C.R.C. --</subfield>
         <subfield code="t">Die richterliche Kompetenz des Dioiketen Apollonios nach den Zenonpapyri /</subfield>
         <subfield code="r">Balogh, Elemér --</subfield>
         <subfield code="t">The economic crisis under Nero /</subfield>
         <subfield code="r">Bell, H.I. --</subfield>
         <subfield code="t">Neue literarische Funde in der Heidelberger Papyrussammlung /</subfield>
         <subfield code="r">Bilabwel, Friedrich --</subfield>
         <subfield code="t">Die Berliner koptischen Manichaika /</subfield>
         <subfield code="r">Böhlig, [A.] --</subfield>
         <subfield code="t">The new homily of Melito and its place in Christian literature /</subfield>
         <subfield code="r">Bonner, Campbell --</subfield>
         <subfield code="t">Studi e studiosi di topographia dell'Egitto greco-romano /</subfield>
         <subfield code="r">Calderini, Aristide --</subfield>
         <subfield code="t">A few remarks on [spondē, thallos], and other extra payments in papyri /</subfield>
         <subfield code="r">Eitrem, S. --</subfield>
         <subfield code="t">Echi di eresie cristiane nei papiri greci /</subfield>
         <subfield code="r">Ghedini, Giuseppe --</subfield>
         <subfield code="t">Zum Steuerwesen im arabischen Ägypten /</subfield>
         <subfield code="r">Grohmann, Adolf --</subfield>
         <subfield code="t">The influence of Ptolemaic administration in Kautilya's Arthaçastra /</subfield>
         <subfield code="r">Heichelheim, Fritz M. --</subfield>
         <subfield code="t">Sur trois nomes du Delta /</subfield>
         <subfield code="r">Henne, Henri --</subfield>
         <subfield code="t">The Feriale Duranum /</subfield>
         <subfield code="r">Hoey, A.S. --</subfield>
         <subfield code="t">Quelques papyrus de Bruxelles /</subfield>
         <subfield code="r">Hombert, Marcel --</subfield>
         <subfield code="t">The John H. Scheide Biblical Papyri /</subfield>
         <subfield code="r">Johnson, Allan Chester --</subfield>
         <subfield code="t">The election of the metropolitan magistrates in Egypt /</subfield>
         <subfield code="r">Jones, A.H.M. --</subfield>
         <subfield code="t">Le papyrus 65445 du Musée du Caire /</subfield>
         <subfield code="r">Jouguet, Pierre, et Guéraud, Octave --</subfield>
         <subfield code="t">Die Papyri und das Problem des griechischen Romans /</subfield>
         <subfield code="r">Kerényi, Karl --</subfield>
         <subfield code="t">Fortschritte der Arbeiten am Wörterbuch der griechischen Papyrusurkunden /</subfield>
         <subfield code="r">Kiessling, Emil --</subfield>
         <subfield code="t">Streiflichter zur Katökenfrage /</subfield>
         <subfield code="r">[Kiessling, Emil] --</subfield>
         <subfield code="t">Bericht über den Stand der Arbeiten an den Berliner Papyri /</subfield>
         <subfield code="r">Kortenbeutel, Heinz --</subfield>
         <subfield code="t">Die Eheschliessung nach den arabischen Papyrusurkunden /</subfield>
         <subfield code="r">Koschaker, Paul --</subfield>
         <subfield code="t">The Colt Papyri from Palestine /</subfield>
         <subfield code="r">Kraemer, Jr., Casper J. --</subfield>
      </datafield>
      <datafield tag="505" ind1="8" ind2="0">
         <subfield code="t">Constantine's law on "longissimi temporis praescriptio" /</subfield>
         <subfield code="r">Kraemer, Jr., Casper J., and Lewis, Naphtali --</subfield>
         <subfield code="t">Ueber einen Demosthenes-Papyrus mit eingeschalteten Urkunden in der Kopenhagener Sammlung (P. Inv. 114) /</subfield>
         <subfield code="r">Larsen, Tage --</subfield>
         <subfield code="t">Mitteilungen über die Ausgrabungen in Tell Edfu (1937) /</subfield>
         <subfield code="r">von Manteuffel, G. --</subfield>
         <subfield code="t">Epistula exactoriae /</subfield>
         <subfield code="r">Martin, Victor --</subfield>
         <subfield code="t">Egyptian currency under the Ptolemies /</subfield>
         <subfield code="r">Milne, J.G. --</subfield>
         <subfield code="t">An unpublished act of amnesty from Ptolemaic Cyprus /</subfield>
         <subfield code="r">Mitford, T.B. --</subfield>
         <subfield code="t">Contributi per una storia sociale ed economica della famiglia nell'Egitto greco-romano /</subfield>
         <subfield code="r">Montevecchi, Orsolina --</subfield>
         <subfield code="t">Die zukünftige Gestaltung der nichtliterarischen Papyrus- und Ostrakapublikationen /</subfield>
         <subfield code="r">Otto, Walter --</subfield>
         <subfield code="t">Greek papyri in the library of the Archaeological Society at Athens /</subfield>
         <subfield code="r">Petropoulos, George A. --</subfield>
         <subfield code="t">The papyri and the text of Thucydides /</subfield>
         <subfield code="r">Powell, J. Enoch --</subfield>
         <subfield code="t">La signification de l'époque d'Evergète II /</subfield>
         <subfield code="r">Préaux, Claire --</subfield>
         <subfield code="t">Zum ptolemäischen Kaufrecht /</subfield>
         <subfield code="r">Pringsheim, Fritz --</subfield>
         <subfield code="t">A fragment of the Acta Pauli in the Michigan Collection /</subfield>
         <subfield code="r">Sanders, H. A. --</subfield>
         <subfield code="t">Zur Nachbürgschaft in den Keilschrifturkunden und in den gräko-ägyptischen Papyri /</subfield>
         <subfield code="r">San Nicolò, Marian --</subfield>
         <subfield code="t">Ueber moderne Papyrusfälschungen /</subfield>
         <subfield code="r">Schmidt, Carl --</subfield>
         <subfield code="t">Zum gegenwärtigen Stand der Katagraphe-Lehre /</subfield>
         <subfield code="r">Schwarz, Andreas B. --</subfield>
         <subfield code="t">Demotiwche Urkundenlehre nach den frühptolemäischen Texten /</subfield>
         <subfield code="r">Seidl, Erwin --</subfield>
         <subfield code="t">Neues aus den Pindar-Papyri /</subfield>
         <subfield code="r">Snell, Bruno --</subfield>
         <subfield code="t">The lexicon of patristic Greek /</subfield>
         <subfield code="r">Stone, Darwell --</subfield>
         <subfield code="t">The origin of Cornelius Gallus /</subfield>
         <subfield code="r">Syme, Ronald --</subfield>
         <subfield code="t">The ancient-Greek-city laws in Ptolemaic Egypt /</subfield>
         <subfield code="r">Taubenschlag, Rafael --</subfield>
         <subfield code="t">In memoria di Girolamo Vitelli /</subfield>
         <subfield code="r">Terzaghi, N. --</subfield>
         <subfield code="t">Self-dedications /</subfield>
         <subfield code="r">Thompson, Sir Herbert --</subfield>
         <subfield code="t">Pap. Oxy. 1416 and the history of the gymnasiarchy /</subfield>
         <subfield code="r">van Groningen, B.A. --</subfield>
         <subfield code="t">Notes on the [phylai] of the metropoleis /</subfield>
         <subfield code="r">Wegener, E.P. --</subfield>
      </datafield>
      <datafield tag="505" ind1="8" ind2="0">
         <subfield code="t">The "immunitas" of the Roman legionaries in Egypt /</subfield>
         <subfield code="r">Welles, C.B. --</subfield>
         <subfield code="t">Rechtstheoretische Fragen in der juristischen Papyrusforschung /</subfield>
         <subfield code="r">Wenger, Leopold --</subfield>
         <subfield code="t">The Ptolemies and the welfare of their subjects /</subfield>
         <subfield code="r">Westermann, William Linn --</subfield>
         <subfield code="t">Der hellenistische Mensch im Spiegel griechischer Papyrusbriefe /</subfield>
         <subfield code="r">Zimmermann, Franz --</subfield>
         <subfield code="t">Bericht über eine Inschrift aus Hermopolis Magna : Fortsetzung zu S.B. 4206 /</subfield>
         <subfield code="r">Zucker, Friedrich --</subfield>
         <subfield code="t">A fourth-century Latin juristic fragment : P. Ryl. III, 474 /</subfield>
         <subfield code="r">de Zulueta, F. --</subfield>
         <subfield code="t">La papyrologie et l'organisation judicaire de l'Égypte sous le principat /</subfield>
         <subfield code="r">Coroï, Jean N.</subfield>
      </datafield>
      <datafield tag="500" ind1=" " ind2=" ">
         <subfield code="a">"Ouvrage publié sous le patronage de la Fondation égyptologique reine Élisabeth."</subfield>
      </datafield>
      <datafield tag="650" ind1=" " ind2="0">
         <subfield code="a">Manuscripts (Papyri)</subfield>
         <subfield code="v">Congresses.</subfield>
      </datafield>
      <datafield tag="650" ind1=" " ind2="0">
         <subfield code="a">Manuscripts, Greek (Papyri)</subfield>
         <subfield code="v">Congresses.</subfield>
      </datafield>
      <datafield tag="650" ind1=" " ind2="0">
         <subfield code="a">Egyptology</subfield>
         <subfield code="v">Congresses.</subfield>
      </datafield>
      <datafield tag="650" ind1=" " ind2="7">
         <subfield code="a">Egyptology.</subfield>
         <subfield code="2">fast</subfield>
         <subfield code="0">(OCoLC)fst00904000</subfield>
      </datafield>
      <datafield tag="650" ind1=" " ind2="7">
         <subfield code="a">Manuscripts, Greek (Papyri)</subfield>
         <subfield code="2">fast</subfield>
         <subfield code="0">(OCoLC)fst01008356</subfield>
      </datafield>
      <datafield tag="650" ind1=" " ind2="7">
         <subfield code="a">Manuscripts (Papyri)</subfield>
         <subfield code="2">fast</subfield>
         <subfield code="0">(OCoLC)fst01008260</subfield>
      </datafield>
      <datafield tag="655" ind1=" " ind2="7">
         <subfield code="a">Conference papers and proceedings.</subfield>
         <subfield code="2">fast</subfield>
         <subfield code="0">(OCoLC)fst01423772</subfield>
      </datafield>
      <datafield tag="710" ind1="2" ind2=" ">
         <subfield code="a">Fondation égyptologique reine Élisabeth,</subfield>
         <subfield code="e">sponsoring body.</subfield>
      </datafield>
      <datafield tag="776" ind1="0" ind2="8">
         <subfield code="i">Online version:</subfield>
         <subfield code="a">International Congress of Papyrology (5th : 1937 : Oxford, England).</subfield>
         <subfield code="t">Actes du Ve Congrès International de Papyrologie, Oxford, 30 août-3 septembre 1937.</subfield>
         <subfield code="d">Bruxelles, 1938</subfield>
         <subfield code="w">(OCoLC)760922260</subfield>
      </datafield>
      <datafield tag="994" ind1=" " ind2=" ">
         <subfield code="a">Z0</subfield>
         <subfield code="b">ZYU</subfield>
      </datafield>
      <datafield tag="OWN" ind1=" " ind2=" ">
         <subfield code="a">GENERAL</subfield>
      </datafield>
      <datafield tag="AVA" ind1=" " ind2=" ">
         <subfield code="a">NYU50</subfield>
         <subfield code="b">NISAW</subfield>
         <subfield code="c">Small Collection</subfield>
         <subfield code="d">PA3339 .I5 1937</subfield>
         <subfield code="e">available</subfield>
         <subfield code="t">Available</subfield>
         <subfield code="f">1</subfield>
         <subfield code="g">0</subfield>
         <subfield code="h">N</subfield>
         <subfield code="i">0</subfield>
         <subfield code="j">SMALL</subfield>
         <subfield code="k">0</subfield>
      </datafield>
      <marc:datafield tag="852" ind1=" " ind2=" ">
         <marc:subfield code="b">Institute for the Study of the Ancient World, </marc:subfield>
         <marc:subfield code="c">Small Collection</marc:subfield>
         <marc:subfield code="e">15 East 84th St., </marc:subfield>
         <marc:subfield code="e">New York, NY  10028</marc:subfield>
      </marc:datafield>
   </record>