
  
  
  
  
  
  
 
  
  <record xsi:schemaLocation="http://www.loc.gov/MARC21/slim http://www.loc.gov/standards/marcxml/schema/MARC21slim.xsd">
      <leader>00000nam a22004095i 4500</leader>
      <controlfield tag="FMT">BK</controlfield>
      <controlfield tag="LDR">00000nam a22004095i 4500</controlfield>
      <controlfield tag="001">004219476</controlfield>
      <controlfield tag="003">OCoLC</controlfield>
      <controlfield tag="005">20151222160452.0</controlfield>
      <controlfield tag="008">151222s2015    be ab    b    101 0 fre d</controlfield>
      <datafield tag="020" ind1=" " ind2=" ">
         <subfield code="a">9782503551159</subfield>
      </datafield>
      <datafield tag="020" ind1=" " ind2=" ">
         <subfield code="a">2503551157</subfield>
      </datafield>
      <datafield tag="035" ind1=" " ind2=" ">
         <subfield code="a">(OCoLC)933281135</subfield>
      </datafield>
      <datafield tag="040" ind1=" " ind2=" ">
         <subfield code="a">COO</subfield>
         <subfield code="b">eng</subfield>
         <subfield code="e">rda</subfield>
         <subfield code="c">COO</subfield>
         <subfield code="d">NNU</subfield>
      </datafield>
      <datafield tag="041" ind1=" " ind2=" ">
         <subfield code="a">fre</subfield>
         <subfield code="a">eng</subfield>
      </datafield>
      <datafield tag="043" ind1=" " ind2=" ">
         <subfield code="a">ar-----</subfield>
      </datafield>
      <datafield tag="050" ind1=" " ind2="4">
         <subfield code="a">DS135.A7</subfield>
         <subfield code="b">J83 2015</subfield>
      </datafield>
      <datafield tag="245" ind1="0" ind2="3">
         <subfield code="a">Le judaïsme de l'Arabie antique :</subfield>
         <subfield code="b">actes du Colloque de Jérusalem (février 2006) /</subfield>
         <subfield code="c">sous la direction de Christian Julien Robin.</subfield>
      </datafield>
      <datafield tag="264" ind1=" " ind2="1">
         <subfield code="a">Turnhout :</subfield>
         <subfield code="b">Brepols</subfield>
         <subfield code="c">2015.</subfield>
      </datafield>
      <datafield tag="300" ind1=" " ind2=" ">
         <subfield code="a">567 pages :</subfield>
         <subfield code="b">black-and-white illustrations, maps (some color) ;</subfield>
         <subfield code="c">23 cm.</subfield>
      </datafield>
      <datafield tag="336" ind1=" " ind2=" ">
         <subfield code="a">text</subfield>
         <subfield code="2">rdacontent</subfield>
      </datafield>
      <datafield tag="337" ind1=" " ind2=" ">
         <subfield code="a">unmediated</subfield>
         <subfield code="2">rdamedia</subfield>
      </datafield>
      <datafield tag="338" ind1=" " ind2=" ">
         <subfield code="a">volume</subfield>
         <subfield code="2">rdacarrier</subfield>
      </datafield>
      <datafield tag="490" ind1="1" ind2=" ">
         <subfield code="a">Judaïsme Ancien et Origines du Christianisme (JAOC)</subfield>
         <subfield code="v">3</subfield>
      </datafield>
      <datafield tag="504" ind1=" " ind2=" ">
         <subfield code="a">Includes bibliographical references and index.</subfield>
      </datafield>
      <datafield tag="505" ind1="0" ind2="0">
         <subfield code="g">I.</subfield>
         <subfield code="t">Épigraphie et archéologie.</subfield>
         <subfield code="t">Quel judaïsm en Arabie? /</subfield>
         <subfield code="r">Christian Julien Robin --</subfield>
         <subfield code="t">Les classes sacerdotales (mišmarôt) de l'inscription juive de Bayt Ḥāḍir (Yémen) /</subfield>
         <subfield code="r">Maria Gorea --</subfield>
         <subfield code="t">Le pilier de Tan'im : la plus ancienne inscription juive du Yémen? Une approche paléographique /</subfield>
         <subfield code="r">Alessia Prioletta --</subfield>
         <subfield code="t">The 'En 'Avdat inscription revisited /</subfield>
         <subfield code="r">Shaul Shaked --</subfield>
         <subfield code="t">The Jewish community in Ḥāṣī, South Yemen, in the light of Its Makrab Ṣūrīel and cemetery /</subfield>
         <subfield code="r">Yosef Yuval Tobi --</subfield>
         <subfield code="t">Ẓafār, watershed of late pre-Islamic culture /</subfield>
         <subfield code="r">Paul A. Yule and Katharina Galor --</subfield>
         <subfield code="t">The Himyarite tomb in the Jewish necropolis of Beth She'arim : an introductory note /</subfield>
         <subfield code="r">Ronny Reich.</subfield>
         <subfield code="g">II.</subfield>
         <subfield code="t">Traditions manuscrites.</subfield>
         <subfield code="t">From the Rabbanat at the court of Sharaḥbi'īl Yakkuf to the Tiberian priests at the court of Yūsuf As'ar Yath'ar /</subfield>
         <subfield code="r">Zeev Rubin --</subfield>
         <subfield code="t">Les juifs d'Arabie dans la littérature talmudique /</subfield>
         <subfield code="r">José Costa --</subfield>
         <subfield code="t">Jews or pagans? The identity of those who reject the messenger in the Qur'ān /</subfield>
         <subfield code="r">Gerald Hawting --</subfield>
         <subfield code="t">Wāqidī (d. 822) vs. Zuhrī (d. 742) : the fate of the Jewish Banū Abī l-Ḥuqayq /</subfield>
         <subfield code="r">Michael Lecker --</subfield>
         <subfield code="t">The Jewish poets of Muḥammad's Ḥijāz /</subfield>
         <subfield code="r">Robert Hoyland --</subfield>
         <subfield code="t">The puzzling name of the "Valley of Ṭuwā" in the Qur'ān (XX,12-LXXIX,16) : is it a calque of the biblical hebrew Ḥorev? /</subfield>
         <subfield code="r">Sergio Noja.</subfield>
      </datafield>
      <datafield tag="546" ind1=" " ind2=" ">
         <subfield code="a">Contributions in French or English.</subfield>
      </datafield>
      <datafield tag="650" ind1=" " ind2="0">
         <subfield code="a">Jews</subfield>
         <subfield code="z">Arabian Peninsula</subfield>
         <subfield code="x">History</subfield>
         <subfield code="v">Congresses.</subfield>
      </datafield>
      <datafield tag="650" ind1=" " ind2="0">
         <subfield code="a">Judaism</subfield>
         <subfield code="x">Relations</subfield>
         <subfield code="x">Islam</subfield>
         <subfield code="v">Congresses.</subfield>
      </datafield>
      <datafield tag="650" ind1=" " ind2="0">
         <subfield code="a">Islam</subfield>
         <subfield code="x">Relations</subfield>
         <subfield code="x">Judaism</subfield>
         <subfield code="v">Congresses.</subfield>
      </datafield>
      <datafield tag="651" ind1=" " ind2="0">
         <subfield code="a">Arabian Peninsula</subfield>
         <subfield code="x">Ethnic relations</subfield>
         <subfield code="v">Congresses.</subfield>
      </datafield>
      <datafield tag="650" ind1=" " ind2="7">
         <subfield code="a">Ethnic relations.</subfield>
         <subfield code="2">fast</subfield>
         <subfield code="0">(OCoLC)fst00916005</subfield>
      </datafield>
      <datafield tag="650" ind1=" " ind2="7">
         <subfield code="a">Islam</subfield>
         <subfield code="x">Relations</subfield>
         <subfield code="x">Judaism.</subfield>
         <subfield code="2">fast</subfield>
         <subfield code="0">(OCoLC)fst00979834</subfield>
      </datafield>
      <datafield tag="650" ind1=" " ind2="7">
         <subfield code="a">Jews.</subfield>
         <subfield code="2">fast</subfield>
         <subfield code="0">(OCoLC)fst00983135</subfield>
      </datafield>
      <datafield tag="650" ind1=" " ind2="7">
         <subfield code="a">Judaism</subfield>
         <subfield code="x">Relations</subfield>
         <subfield code="x">Islam.</subfield>
         <subfield code="2">fast</subfield>
         <subfield code="0">(OCoLC)fst00984385</subfield>
      </datafield>
      <datafield tag="651" ind1=" " ind2="7">
         <subfield code="a">Arabian Peninsula.</subfield>
         <subfield code="2">fast</subfield>
         <subfield code="0">(OCoLC)fst01240131</subfield>
      </datafield>
      <datafield tag="655" ind1=" " ind2="7">
         <subfield code="a">History.</subfield>
         <subfield code="2">fast</subfield>
         <subfield code="0">(OCoLC)fst01411628</subfield>
      </datafield>
      <datafield tag="700" ind1="1" ind2=" ">
         <subfield code="a">Robin, Christian Julien,</subfield>
         <subfield code="e">editor.</subfield>
      </datafield>
      <datafield tag="830" ind1=" " ind2="0">
         <subfield code="a">Judaïsme antique et origines du christianisme ;</subfield>
         <subfield code="v">3.</subfield>
      </datafield>
      <datafield tag="994" ind1=" " ind2=" ">
         <subfield code="a">Z0</subfield>
         <subfield code="b">ZYU</subfield>
      </datafield>
      <datafield tag="OWN" ind1=" " ind2=" ">
         <subfield code="a">GENERAL</subfield>
      </datafield>
      <datafield tag="AVA" ind1=" " ind2=" ">
         <subfield code="a">NYU50</subfield>
         <subfield code="b">BOBST</subfield>
         <subfield code="c">Main Collection</subfield>
         <subfield code="d">DS135.A7 J83 2015</subfield>
         <subfield code="e">unavailable</subfield>
         <subfield code="t">Unavailable</subfield>
         <subfield code="f">1</subfield>
         <subfield code="g">1</subfield>
         <subfield code="h">N</subfield>
         <subfield code="i">0</subfield>
         <subfield code="j">MAIN</subfield>
         <subfield code="k">0</subfield>
      </datafield>
      <datafield tag="AVA" ind1=" " ind2=" ">
         <subfield code="a">NYU50</subfield>
         <subfield code="b">NISAW</subfield>
         <subfield code="c">Small Collection</subfield>
         <subfield code="d">DS135.A7 J83 2015</subfield>
         <subfield code="e">available</subfield>
         <subfield code="t">Available</subfield>
         <subfield code="f">1</subfield>
         <subfield code="g">0</subfield>
         <subfield code="h">N</subfield>
         <subfield code="i">0</subfield>
         <subfield code="j">SMALL</subfield>
         <subfield code="k">0</subfield>
      </datafield>
      <marc:datafield tag="852" ind1=" " ind2=" ">
         <marc:subfield code="b">Institute for the Study of the Ancient World, </marc:subfield>
         <marc:subfield code="c">Small Collection</marc:subfield>
         <marc:subfield code="e">15 East 84th St., </marc:subfield>
         <marc:subfield code="e">New York, NY  10028</marc:subfield>
      </marc:datafield>
   </record>