
  
  
  
  
  
  
 
  
  <record xsi:schemaLocation="http://www.loc.gov/MARC21/slim http://www.loc.gov/standards/marcxml/schema/MARC21slim.xsd">
      <leader>00000cam a2200373 a 4500</leader>
      <controlfield tag="FMT">BK</controlfield>
      <controlfield tag="LDR">00000cam a2200373 a 4500</controlfield>
      <controlfield tag="001">003118492</controlfield>
      <controlfield tag="003">OCoLC</controlfield>
      <controlfield tag="005">20151223110838.0</controlfield>
      <controlfield tag="008">791022m19079999gw h     b    000 0 akk d</controlfield>
      <datafield tag="035" ind1=" " ind2=" ">
         <subfield code="a">(OCoLC)5573047</subfield>
      </datafield>
      <datafield tag="040" ind1=" " ind2=" ">
         <subfield code="a">KAT</subfield>
         <subfield code="c">KAT</subfield>
         <subfield code="d">OCL</subfield>
         <subfield code="d">OCLCQ</subfield>
         <subfield code="d">NLGGC</subfield>
         <subfield code="d">NNU</subfield>
      </datafield>
      <datafield tag="041" ind1="0" ind2=" ">
         <subfield code="a">akk</subfield>
         <subfield code="a">sux</subfield>
         <subfield code="a">ger</subfield>
      </datafield>
      <datafield tag="043" ind1=" " ind2=" ">
         <subfield code="a">aw-----</subfield>
         <subfield code="a">f-ua---</subfield>
         <subfield code="a">a-iq---</subfield>
         <subfield code="a">e-gx---</subfield>
      </datafield>
      <datafield tag="050" ind1=" " ind2="4">
         <subfield code="a">PJ3711</subfield>
         <subfield code="b">.K66 1907</subfield>
      </datafield>
      <datafield tag="110" ind1="2" ind2=" ">
         <subfield code="a">Königliche Museen zu Berlin.</subfield>
         <subfield code="b">Sammlung der Vorderasiatischen Altertümer.</subfield>
      </datafield>
      <datafield tag="245" ind1="1" ind2="0">
         <subfield code="a">Vorderasiatische Schriftdenkmäler der Königlichen Museen zu Berlin /</subfield>
         <subfield code="c">herausgegeben von der Vorderasiatischen Abteilung ; [ed. Friedrich Delitzsch].</subfield>
      </datafield>
      <datafield tag="260" ind1=" " ind2=" ">
         <subfield code="a">Leipzig :</subfield>
         <subfield code="b">J.C. Hinrichs,</subfield>
         <subfield code="c">1907-</subfield>
      </datafield>
      <datafield tag="300" ind1=" " ind2=" ">
         <subfield code="a">v. :</subfield>
         <subfield code="b">facsims. ;</subfield>
         <subfield code="c">37 cm.</subfield>
      </datafield>
      <datafield tag="505" ind1="1" ind2="0">
         <subfield code="g">Heft 1 [without special title] --</subfield>
         <subfield code="g">Heft 2.</subfield>
         <subfield code="t">Sumerische Kultlieder aus altbabylonischer Zeit, erste Reihe /</subfield>
         <subfield code="r">Heinrich Zimmern --</subfield>
         <subfield code="g">Heft 3-9 [without special title] --</subfield>
         <subfield code="g">Heft 10.</subfield>
         <subfield code="t">Sumerische Kultlieder aus altbabylonischer Zeit, zweite Reihe /</subfield>
         <subfield code="r">Heinrich Zimmern --</subfield>
         <subfield code="g">Heft 11-12.</subfield>
         <subfield code="t">Die Tontafeln von El-Amarna /</subfield>
         <subfield code="r">Otto Schroeder --</subfield>
         <subfield code="g">Heft 13.</subfield>
         <subfield code="t">Altbabylonische Verträge /</subfield>
         <subfield code="r">Figulla, H.H. --</subfield>
         <subfield code="g">Heft 14.</subfield>
         <subfield code="t">Altbabylonische Wirtschaftstexte aus der Zeit Lugalanda's und Urukagina's /</subfield>
         <subfield code="r">Wilhelm Förtsch --</subfield>
         <subfield code="g">Heft 15.</subfield>
         <subfield code="t">Kontrakte der Seleukidenzeit aus Warka /</subfield>
         <subfield code="r">Otto Schroeder --</subfield>
         <subfield code="g">Heft 16.</subfield>
         <subfield code="t">Altbabylonische Briefe /</subfield>
         <subfield code="r">Otto Schroeder.</subfield>
      </datafield>
      <datafield tag="610" ind1="2" ind2="0">
         <subfield code="a">Königliche Museen zu Berlin.</subfield>
         <subfield code="b">Sammlung der Vorderasiatischen Altertümer.</subfield>
      </datafield>
      <datafield tag="650" ind1=" " ind2="0">
         <subfield code="a">Akkadian language</subfield>
         <subfield code="v">Texts.</subfield>
      </datafield>
      <datafield tag="650" ind1=" " ind2="0">
         <subfield code="a">Sumerian language</subfield>
         <subfield code="v">Texts.</subfield>
      </datafield>
      <datafield tag="650" ind1=" " ind2="0">
         <subfield code="a">Cuneiform tablets</subfield>
         <subfield code="z">Germany</subfield>
         <subfield code="z">Berlin</subfield>
         <subfield code="v">Catalogs.</subfield>
      </datafield>
      <datafield tag="700" ind1="1" ind2="2">
         <subfield code="a">Schroeder, Otto,</subfield>
         <subfield code="d">1851-1937.</subfield>
         <subfield code="t">Tontafeln von El-Amarna.</subfield>
      </datafield>
      <datafield tag="700" ind1="1" ind2="2">
         <subfield code="a">Zimmern, Heinrich,</subfield>
         <subfield code="d">1862-1931.</subfield>
         <subfield code="t">Sumerische Kultlieder aus altbabylonischer Zeit.</subfield>
      </datafield>
      <datafield tag="700" ind1="1" ind2="2">
         <subfield code="a">Figulla, H. H.,</subfield>
         <subfield code="d">1885-1969.</subfield>
         <subfield code="t">Altbabylonische Verträge.</subfield>
      </datafield>
      <datafield tag="700" ind1="1" ind2="2">
         <subfield code="a">Förtsch, Wilhelm.</subfield>
         <subfield code="t">Altbabylonische Wirtschaftstexte aus der Zeit Lugalanda's und Urukagina's.</subfield>
      </datafield>
      <datafield tag="700" ind1="1" ind2="2">
         <subfield code="a">Schroeder, Otto,</subfield>
         <subfield code="d">1851-1937.</subfield>
         <subfield code="t">Kontrakte der Seleukidenzeit aus Warka.</subfield>
      </datafield>
      <datafield tag="700" ind1="1" ind2="2">
         <subfield code="a">Schroeder, Otto,</subfield>
         <subfield code="d">1851-1937.</subfield>
         <subfield code="t">Altbabylonische Briefe.</subfield>
      </datafield>
      <datafield tag="994" ind1=" " ind2=" ">
         <subfield code="a">Z0</subfield>
         <subfield code="b">ZYU</subfield>
      </datafield>
      <datafield tag="OWN" ind1=" " ind2=" ">
         <subfield code="a">GENERAL</subfield>
      </datafield>
      <datafield tag="AVA" ind1=" " ind2=" ">
         <subfield code="a">NYU50</subfield>
         <subfield code="b">NISAW</subfield>
         <subfield code="c">Oversize Collection</subfield>
         <subfield code="d">PJ3711 .K66 1907b</subfield>
         <subfield code="e">available</subfield>
         <subfield code="t">Available</subfield>
         <subfield code="f">7</subfield>
         <subfield code="g">0</subfield>
         <subfield code="h">Y</subfield>
         <subfield code="i">0</subfield>
         <subfield code="j">OVERZ</subfield>
         <subfield code="k">0</subfield>
      </datafield>
      <marc:datafield tag="852" ind1=" " ind2=" ">
         <marc:subfield code="b">Institute for the Study of the Ancient World, </marc:subfield>
         <marc:subfield code="c">Oversize Collection</marc:subfield>
         <marc:subfield code="e">15 East 84th St., </marc:subfield>
         <marc:subfield code="e">New York, NY  10028</marc:subfield>
      </marc:datafield>
   </record>