
  
  
  
  
  
  
 
  
  <record xsi:schemaLocation="http://www.loc.gov/MARC21/slim http://www.loc.gov/standards/marcxml/schema/MARC21slim.xsd">
      <leader>00000nam a22      i 4500</leader>
      <controlfield tag="FMT">BK</controlfield>
      <controlfield tag="LDR">00000nam a22      i 4500</controlfield>
      <controlfield tag="001">004219695</controlfield>
      <controlfield tag="005">20160111140621.0</controlfield>
      <controlfield tag="008">151223s2014    kz ab    b    000 0 kaz d</controlfield>
      <datafield tag="020" ind1=" " ind2=" ">
         <subfield code="a">9786012092240</subfield>
      </datafield>
      <datafield tag="040" ind1=" " ind2=" ">
         <subfield code="a">NNU</subfield>
         <subfield code="b">eng</subfield>
         <subfield code="e">rda</subfield>
         <subfield code="c">NNU</subfield>
      </datafield>
      <datafield tag="041" ind1="0" ind2=" ">
         <subfield code="a">kaz</subfield>
         <subfield code="a">eng</subfield>
         <subfield code="a">rus</subfield>
      </datafield>
      <datafield tag="043" ind1=" " ind2=" ">
         <subfield code="a">a-kz</subfield>
         <subfield code="a">a-uz---</subfield>
         <subfield code="a">a-kz---</subfield>
      </datafield>
      <datafield tag="050" ind1=" " ind2="4">
         <subfield code="a">DK905</subfield>
         <subfield code="b">.A85 2014</subfield>
      </datafield>
      <datafield tag="100" ind1="1" ind2=" ">
         <subfield code="6">880-01</subfield>
         <subfield code="a">Azhigali, S. E.,</subfield>
         <subfield code="e">author.</subfield>
      </datafield>
      <datafield tag="245" ind1="1" ind2="0">
         <subfield code="6">880-02</subfield>
         <subfield code="a">Man͡gqystau men U̇stīrt :</subfield>
         <subfield code="b">eskertkīshterī = Pami͡atniki Mankystau i Usti͡urta : kniga-alʹbom = Monuments of Mankystau and Ustyurt : book-album /</subfield>
         <subfield code="c">S.E. Ăzhīghali.</subfield>
      </datafield>
      <datafield tag="246" ind1="3" ind2="1">
         <subfield code="6">880-03</subfield>
         <subfield code="a">Pami͡atniki Mankystau i Usti͡urta :</subfield>
         <subfield code="b">kniga-alʹbom</subfield>
      </datafield>
      <datafield tag="246" ind1="3" ind2="1">
         <subfield code="a">Monuments of Mankystau and Ustyurt :</subfield>
         <subfield code="b">book-album</subfield>
      </datafield>
      <datafield tag="260" ind1=" " ind2=" ">
         <subfield code="6">880-04</subfield>
         <subfield code="a">Almaty :</subfield>
         <subfield code="b">Izd-vo Ăner,</subfield>
         <subfield code="c">2014.</subfield>
      </datafield>
      <datafield tag="300" ind1=" " ind2=" ">
         <subfield code="a">500 pages :</subfield>
         <subfield code="b">illustrations (mostly color), maps (some color) ;</subfield>
         <subfield code="c">29 cm +</subfield>
         <subfield code="e">Appendix (2 folded maps and Index, 22 cm)</subfield>
      </datafield>
      <datafield tag="336" ind1=" " ind2=" ">
         <subfield code="a">text</subfield>
         <subfield code="2">rdacontent</subfield>
      </datafield>
      <datafield tag="337" ind1=" " ind2=" ">
         <subfield code="a">unmediated</subfield>
         <subfield code="2">rdamedia</subfield>
      </datafield>
      <datafield tag="338" ind1=" " ind2=" ">
         <subfield code="a">volume</subfield>
         <subfield code="2">rdacarrier</subfield>
      </datafield>
      <datafield tag="546" ind1=" " ind2=" ">
         <subfield code="a">In Kazakh, English, and Russian.</subfield>
      </datafield>
      <datafield tag="504" ind1=" " ind2=" ">
         <subfield code="a">Includes bibliographical references and glossary.</subfield>
      </datafield>
      <datafield tag="500" ind1=" " ind2=" ">
         <subfield code="6">880-05</subfield>
         <subfield code="a">Accompanied by Appendix: Man͡gqystau men U̇stīrt eskertkīshterī kartacy (S.E. Ăzhīghalidīn͡g "Man͡gqystau men U̇stīrt eskertkīshterī" kītap-al'bomyna qosymsha) = Karta pami͡atinkov Mankystau i Usti͡urta (prilozhenie k kinge-al'bomu S.E. Azhigali "Pami͡atniki Mankystau i Usti͡urta") = The map of monuments of Mankystau and Ustyurt (appendix for S.E. Azhigali's book-album "Monuments of Mankystau and Ustyurt").</subfield>
      </datafield>
      <datafield tag="500" ind1=" " ind2=" ">
         <subfield code="a">Appendix includes: 1 colored map in Kazakh, 1 colored map in Russian and English, Index in three languages.</subfield>
      </datafield>
      <datafield tag="651" ind1=" " ind2="0">
         <subfield code="a">Kazakhstan</subfield>
         <subfield code="x">Antiquities.</subfield>
      </datafield>
      <datafield tag="651" ind1=" " ind2="0">
         <subfield code="a">Ust Urt (Kazakhstan and Uzbekistan)</subfield>
         <subfield code="x">Antiquities.</subfield>
      </datafield>
      <datafield tag="651" ind1=" " ind2="0">
         <subfield code="a">Mangystau (Kazakhstan)</subfield>
         <subfield code="x">Antiquities.</subfield>
      </datafield>
      <datafield tag="650" ind1=" " ind2="0">
         <subfield code="a">Ethnology</subfield>
         <subfield code="z">Kazakhstan.</subfield>
      </datafield>
      <datafield tag="650" ind1=" " ind2="0">
         <subfield code="a">Ethnology</subfield>
         <subfield code="z">Uzbekistan.</subfield>
      </datafield>
      <datafield tag="880" ind1="1" ind2=" ">
         <subfield code="6">100-01/</subfield>
         <subfield code="a">Әжіғали, С. Е.,</subfield>
         <subfield code="e">author.</subfield>
      </datafield>
      <datafield tag="880" ind1="1" ind2="0">
         <subfield code="6">245-02/</subfield>
         <subfield code="a">Maңқыстау мен Үстiрт :</subfield>
         <subfield code="b">ескерткіштері = Памятники Манкыстау и Устюрта : книга-aльбом /</subfield>
         <subfield code="c">Серик Әжіғали.</subfield>
      </datafield>
      <datafield tag="880" ind1="3" ind2="1">
         <subfield code="6">246-03/</subfield>
         <subfield code="a">Памятники Манкыстау и Устюрта :</subfield>
         <subfield code="b">книга-aльбом</subfield>
      </datafield>
      <datafield tag="880" ind1=" " ind2=" ">
         <subfield code="6">260-04/</subfield>
         <subfield code="a">Aлматы :</subfield>
         <subfield code="b">Издательство Анер,</subfield>
         <subfield code="c">2014.</subfield>
      </datafield>
      <datafield tag="880" ind1=" " ind2=" ">
         <subfield code="6">500-05/</subfield>
         <subfield code="a">Accompanied by Appendix: Maңқыстау мен Үстiрт ескерткіштерінің картасы (С.Е. Әжіғалидің "Maңқыстау мен Үстiрт ескерткіштері" кітап-альбомына қосымша) = Карта памятников Манкыстау и Устюрта (приложение к книге-aльбому С. Е. Ажигали "Памятники Манкыстау и Устюрта") = The map of monuments of Mankystau and Ustyurt (appendix for S.E. Azhigali's book-album "Monuments of Mankystau and Ustyurt").</subfield>
      </datafield>
      <datafield tag="OWN" ind1=" " ind2=" ">
         <subfield code="a">GENERAL</subfield>
      </datafield>
      <datafield tag="AVA" ind1=" " ind2=" ">
         <subfield code="a">NYU50</subfield>
         <subfield code="b">NISAW</subfield>
         <subfield code="c">Large Collection</subfield>
         <subfield code="d">DK905 .A85 2014</subfield>
         <subfield code="e">available</subfield>
         <subfield code="t">Available</subfield>
         <subfield code="f">2</subfield>
         <subfield code="g">0</subfield>
         <subfield code="h">Y</subfield>
         <subfield code="i">0</subfield>
         <subfield code="j">LARGE</subfield>
         <subfield code="k">0</subfield>
      </datafield>
      <marc:datafield tag="852" ind1=" " ind2=" ">
         <marc:subfield code="b">Institute for the Study of the Ancient World, </marc:subfield>
         <marc:subfield code="c">Large Collection</marc:subfield>
         <marc:subfield code="e">15 East 84th St., </marc:subfield>
         <marc:subfield code="e">New York, NY  10028</marc:subfield>
      </marc:datafield>
   </record>